2226 3644
458 282 526 337 58
681 272 1220 324 FABULARUM
1259 272 1840 329 AEsomARuM.

457 365 857 440 Indefinenter‚
884 369 1027 426 hanc
1044 367 1210 425 etiam
1235 363 1432 427 sortem
1451 370 1566 449 pati

459 456 767 536 Iniquiore,
796 474 960 536 quarn
977 456 1153 533 priua,
1178 456 1604 537 menteincipitz

460 553 686 608 Mutare
706 543 1016 614 domiuum,
1040 540 1382 621 imprudens,
1404 541 1589 605 rursus
1609 547 1848 627 expetit,

460 629 773 711 Rursusque
795 629 1034 703 auditur,
1056 629 1173 706 lege
1196 627 1286 695 sed
1309 628 1482 710 polita
1503 647 1707 710 tamen,

454 726 535 781 Ut
552 723 682 779 haec
702 738 1078 799 quaecumque
1091 717 1260 777 fuerit
1282 718 1474 781 ultima
1491 718 1632 795 sors,
1656 720 1820 805 ferat,

456 815 656 888 Neque
671 804 845 886 speret
859 804 1013 873 aliam
1029 803 1229 864 deinde
1254 822 1543 869 venturam
1560 811 1738 873 vicem
1752 831 1774 872 a

456 903 517 958 Ia
534 917 658 956 cum
675 890 965 965 annuisset,
989 894 1193 970 obtigit
1208 895 1456 957 Coriario
1471 916 1490 954 ε

456 990 638 1057 Tum,
654 982 787 1061 quid
805 978 1014 1058 rogavi,
1036 980 1180 1041 dixit
1199 980 1506 1047 lamentans
1525 985 1546 1041 ἓ
1572 985 1732 1047 hema

456 1070 626 1149 Apud
645 1072 852 1150 priores
870 1072 1053 1128 vivere
1070 1065 1234 1127 satius
1249 1066 1388 1142 fuit;

455 1166 717 1239 Namque
731 1157 820 1216 ille
836 1154 1119 1236 postquam
1136 1155 1322 1216 multis
1345 1178 1432 1216 me
1442 1155 1722 1220 laboribus

460 1247 746 1317 Necuerit,
770 1259 949 1322 parcet
968 1263 1038 1300 ne
1055 1245 1213 1302 corio
1229 1241 1450 1323 quidem
1474 1266 1614 1305 meo.

546 1333 816 1412 Qamvis
839 1331 1027 1397 acerba
1049 1329 1164 1390 sora
1185 1332 1310 1405 erit,
1335 1351 1453 1395 eam
1475 1331 1690 1410 sustine,

462 1424 550 1484 Ne
562 1421 722 1504 pejor
736 1418 858 1497 fiat,
876 1422 1174 1481 obtrectare
1189 1417 1228 1478 fi
1245 1418 1408 1481 velis.

1137 1599 1352 1657 XXXI.

969 1772 1150 1830 Arta
1183 1788 1267 1830 ετ
1292 1773 1556 1833 Cerva·

595 1864 737 1920 Erus
753 1858 976 1922 acuebat
991 1857 1126 1916 dura
1153 1856 1277 1917 ilice
1293 1858 1483 1920 dentes
1505 1865 1654 1938 Aper
1666 1878 1686 1918 t

641 1953 816 2023 Quem
836 1943 1148 2023 conspicata
1164 1949 1361 2017 Cerva,
1384 1966 1505 2018 cur,
1536 1947 1741 2025 inquit,
1765 1943 1907 2012 facia

456 2032 524 2097 Id
542 2033 717 2112 quod,
748 2046 810 2090 ut
829 2034 1052 2112 opinor,
1083 2053 1235 2091 nuuc
1251 2030 1364 2094 fieri
1382 2033 1461 2093 nil
1487 2033 1731 2112 indiget?

457 2126 605 2183 Nam
621 2119 804 2179 nullus
824 2118 1013 2190 hostis,
1036 2119 1232 2198 aspice,
1261 2121 1500 2180 occurrit
1522 2123 1646 2197 tibi,

457 2212 792 2286 circumque
808 2226 964 2286 paces
979 2209 1168 2266 omnia
1181 2206 1456 2270 ‚celebrant
1471 2208 1671 2268 bonas.

456 2304 538 2358 At
550 2291 742 2373 setiger
761 2316 778 2354 t
799 2314 915 2353 non
935 2294 1135 2373 absque
1149 2291 1302 2353 causa
1323 2293 1490 2368 facio,
1514 2295 1664 2374 quod
1683 2293 1842 2357 vides
1855 2318 1881 2372 ς

455 2385 679 2447 Etenim
704 2381 984 2461 pugnandi
1003 2401 1126 2441 cum
1136 2383 1270 2442 mihi
1292 2393 1505 2461 tempus
1529 2385 1772 2459 venerit,

460 2480 553 2534 An
576 2485 712 2530 tunc
728 2467 848 2540 fore
862 2483 1023 2548 putas
1041 2466 1234 2529 dentes
1257 2469 1487 2529 acuendi
1501 2471 1685 2530 locum
1705 2471 1728 2529 ἓ

542 2566 674 2618 Sero
693 2571 956 2639 parantur
968 2576 1140 2632 arma,
1163 2576 1290 2618 cum
1304 2555 1473 2617 hostia
1488 2558 1717 2637 ingruit.

1131 2717 1379 2771 XXXII.

923 2824 1166 2879 Asinus
1201 2838 1288 2878 ετ
1313 2823 1562 2894 Equus.

612 2908 793 2982 QUO
816 2904 1095 2964 invidebat
1120 2904 1337 2978 Asinus,
1360 2906 1514 2984 quod
1530 2919 1681 2967 totos
1699 2905 1830 2968 lieet
1930 2925 1935 2931 ·

540 3025 598 3067 .1
658 2993 804 3056 Male
816 2990 1024 3052 otiosus
1047 2993 1138 3051 ille
1154 2990 1375 3053 cessaret
1389 2992 1526 3067 dica,

457 3087 682 3144 Tamen
700 3079 935 3144 aleretur
954 3078 1185 3144 delicate
1202 3095 1262 3142 et
1278 3080 1531 3160 largiter3
