2226 3644
272 480 1477 659 ‘FABULARUM

149 722 1728 936 AESOPIARUM

314 1101 725 1165 LIBER
815 1102 1500 1179 QUARTUS.

574 1356 1258 1430 PROLOGUS..

352 1659 533 1734 Magis
556 1657 753 1717 receffit
769 1661 825 1718 in
850 1658 968 1717 dies
994 1661 1290 1731 Latinitas„

350 1745 605 1804 Romana
619 1746 787 1826 pubes
812 1765 927 1825 quo
944 1743 994 1803 se
1008 1747 1249 1805 exercuit
1262 1748 1445 1808 minua

129 1831 188 1887 In
201 1827 557 1912 scriptitandis
575 1831 810 1893 verfibus
826 1832 1068 1902 senariis,

129 1917 312 1995 Qales
333 1922 536 1980 Poe'tae
551 1940 665 1986 non
683 1920 853 1980 modo
868 1941 1058 1980 omnes
1077 1919 1280 1983 scenici
1395 1940 1404 1948 “

128 2006 330 2065 Veteres
349 2005 598 2067 solebant
619 2010 677 2066 in
702 2005 808 2067 suis
829 2006 1128 2067 comoediis

126 2088 397 2174 Usurpare=
424 2097 540 2153 imo
559 2109 614 2152 et
629 2095 719 2154 alii
742 2093 910 2154 ferme
931 2098 1128 2155 caeteri

127 2182 332 2239 Veteres
347 2183 569 2261 poeitae,
590 2180 630 2241 fi
645 2201 752 2261 qua
777 2179 1084 2262 praesertim
1100 2182 1281 2243 vafrae

127 2265 320 2336 Lubido
336 2267 523 2328 Musae
536 2266 879 2348 scriptionem
898 2269 1186 2339 ludicram,

127 2353 561 2436 Menippeamque
582 2357 913 2416 concinnare
930 2353 1177 2434 julstrat,

126 2439 406 2503 Metrorurn
427 2444 682 2503 amabant
695 2445 833 2503 hanc
852 2446 1157 2504 libertatern
1184 2444 1335 2525 sequi

126 2528 331 2588 suavem
354 2529 623 2609 profecto,
644 2551 744 2589 nec
760 2534 939 2591 minus
955 2532 1257 2601 vocabulis,

122 2613 279 2690 Qum
296 2620 450 2677 rebus
477 2615 599 2697 ipfis
621 2618 921 2697 pangendis
937 2618 1274 2699 aptiffimam.

124 2699 472 2764 Romanorum
490 2704 581 2763 ille
599 2712 783 2765 Varro
804 2709 900 2786 qui
923 2706 1248 2765 doetiffimus

124 2787 273 2862 Ante,
293 2806 347 2849 et
361 2790 480 2871 post
502 2792 607 2852 fata
621 2792 794 2852 dietus
808 2791 901 2866 est,
931 2792 1246 2872 hujusmodi

120 2873 441 2939 senariorum
457 2879 623 2939 millia
636 2881 806 2939 multa
829 2879 1104 2960 scripserat
1123 2903 1143 2953 ς

117 2960 203 3017 Seu
225 2962 507 3026 collocaret
525 2965 853 3027 defricandis
873 2969 1117 3027 moribus

121 3047 354 3130 Operam,
374 3070 427 3113 et
446 3075 543 3138 per
559 3056 745 3116 urbem
763 3054 1031 3136 spargeret
1048 3053 1259 3134 lepidos
1276 3053 1401 3115 sales
1418 3076 1438 3128 ς

132 1577 331 1774 AB
357 1568 458 1630 illo
482 1584 678 1645 vetere,
702 1567 950 1650 simplici,
980 1569 1191 1630 mundo
1207 1522 1346 1650 llylo
