2226 3644
522 235 828 293 mnan
908 237 1395 304 quaa-rus.

148 329 390 411 Vulpem
412 327 585 412 ipsam
602 331 782 410 primo
798 327 1236 409 comprehensam
1255 330 1505 409 devorat,

149 417 241 478 Ad
257 416 484 477 Afinum
498 418 771 478 edendum
789 418 1066 477 convertit
1085 415 1137 475 se
1159 416 1360 497 postea.

227 513 297 565 Se
310 505 550 587 perdunt
569 506 742 587 saepe,
766 503 945 565 socios
961 508 1058 584 qui
1076 504 1315 585 perdunt
1332 503 1481 566 suos.

823 664 995 719 XXII
999 701 1015 718 .

590 771 857 828 Munus
884 786 1287 830 monor-Ans.

325 853 511 915 Icebat
533 858 700 916 Matri
718 854 923 915 Miluus
937 874 1228 931 aegrotans
1253 854 1401 916 suaet

367 942 517 1022 Qid
539 940 836 1002 lamentare
849 940 1077 1001 frustra?
1110 945 1245 1021 quin
1268 947 1450 1024 potius
1471 951 1624 1005 Deos

146 1027 401 1087 Precibus
417 1048 639 1102 exoraS,
662 1032 879 1089 Mater?
910 1028 1002 1088 illa
1015 1028 1103 1088 sed
1118 1030 1280 1091 refert
1297 1053 1315 1092 ε

145 1118 420 1190 Deorum,
450 1122 616 1191 Nate,
638 1118 762 1196 quis
779 1114 1109 1176 miserebitur
1122 1121 1203 1176 tui
1219 1120 1241 1178 ἓ

146 1206 216 1258 In
229 1202 364 1260 orbe
384 1201 566 1262 nullus
589 1207 649 1264 in
668 1219 804 1264 vota
820 1218 1050 1263 vocatur
1062 1212 1184 1264 Deu
1192 1226 1240 1280 s,

149 1290 329 1366 Cujus
348 1290 646 1369 aliquando
669 1289 868 1370 templa
890 1312 1007 1349 non
1025 1290 1355 1368 foedaveris,

148 1379 221 1434 Et
244 1375 589 1437 consecratas
608 1399 726 1437 non
745 1377 1035 1438 violaveris
1053 1378 1239 1456 dapes·

232 1468 414 1524 Nemo
431 1465 714 1544 adjuvare,
743 1467 839 1546 qui
855 1476 1020 1524 nocet
1043 1469 1269 1537 cunctis,
1292 1467 1448 1528 velit.

823 1616 1042 1680 XXIII.

584 1732 717 1785 PAR
734 1745 857 1786 Dua
888 1746 972 1785 ET
997 1734 1274 1787 Vntms.

142 1810 435 1928 MElius
452 1812 682 1889 cavilliS,
704 1833 866 1892 quam
890 1816 1070 1874 verbis
1086 1815 1465 1896 prudentibus,

321 1904 659 1982 Reprimitur
675 1900 824 1982 saepe
840 1902 993 1961 stulta
1010 1904 1285 1981 gloriatio.

226 1990 579 2068 superbiebat
602 1988 828 2064 Pardua,
848 1991 998 2068 quod
1023 1994 1202 2050 varius
1220 1991 1376 2051 color

143 2083 254 2136 Suo
274 2078 435 2136 datus
450 2075 576 2135 effet
590 2079 832 2156 corpori.
874 2085 951 2135 At
965 2079 1166 2157 Vulpis
1184 2079 1409 2155 jocans,

145 2170 331 2232 Meua,
355 2166 559 2243 inquit,
588 2166 801 2223 animus
817 2180 872 2223 et
886 2166 1122 2237 varium,
1146 2169 1533 2244 quotieslibet,

142 2257 349 2332 Capere
364 2250 602 2312 colorem
625 2254 817 2323 novit;
845 2273 907 2311 ac
929 2267 1089 2312 tanto
1105 2253 1281 2331 magis

142 2344 233 2398 Te
248 2337 461 2398 nostrae
479 2353 697 2418 oportet
711 2338 965 2415 dignitati
980 2341 1192 2414 cedere,

147 2434 371 2503 Quanto
393 2423 515 2506 plus
532 2425 627 2486 vili
645 2425 870 2506 praestat
884 2428 1095 2487 animus
1109 2448 1364 2506 corpore.

815 2587 1033 2639 XXIV.

649 2686 830 2739 Deus
855 2687 1204 2741 Lioussus.

314 2777 361 2832 E
372 2776 424 2832 U
440 2778 503 2832 M
525 2772 747 2854 quidam
764 2776 896 2835 olim
912 2783 1189 2836 Pemanus
1208 2777 1477 2852 Ligneum

357 2858 622 2932 Colebat3
654 2882 719 2922 ac
740 2865 988 2941 rogabat,
1017 2880 1078 2923 ut
1094 2863 1300 2944 aliquid
1313 2865 1450 2924 boni

136 2950 242 3008 sibi
259 2949 555 3009 tribuerete
581 2946 668 3007 sed
691 2949 849 3010 fiebat
872 2952 1094 3011 interim

134 3038 340 3117 Magis,
364 3034 641 3118 magisque
655 3058 740 3098 res
758 3036 1033 3117 angustior
1046 3039 1219 3101 domi.

1702 250 1766 296 81
