2226 3644
438 279 513 331 54
662 257 1204 313 FABULARUM
1243 253 1795 307 AESOPIARUM

428 356 520 419 Ad
543 349 738 435 pascua
760 352 979 422 dehine,
1008 346 1080 411 fic
1100 347 1447 431 personatus,
1475 348 1646 411 redite

433 451 663 521 Greges,
683 456 929 501 armenta
950 440 1187 512 territat,
1215 436 1397 516 fugata
1433 437 1583 498 videt

432 538 648 593 Herum
666 531 971 590 venientem
986 549 1005 601 ς
1029 528 1091 586 in
1109 522 1284 607 ipsum
1301 527 1506 605 pariter
1521 526 1683 587 irruit
1694 546 1716 590 ε

431 619 532 679 sed
551 614 886 697 apprehes-fis
902 616 1021 694 ejus
1035 612 1291 674 auriculis
1304 617 1512 692 Herus„

433 708 543 768 His
560 706 724 782 forte,
747 704 915 776 dixit,
935 704 1140 763 artibus
1156 702 1294 763 alios
1309 700 1437 760 lieet

432 795 695 872 Decipies
719 816 738 865 ς
763 808 837 861 at,
862 811 967 869 ego
983 809 1107 851 cum
1134 790 1307 868 probe
1334 804 1389 847 te
1406 789 1687 869 noverim,

436 879 648 943 Asellus
663 901 748 960 es,
768 896 825 938 et
845 877 1057 938 Asellus
1075 875 1284 958 semper
1303 878 1414 937 eris
1434 879 1592 939 mihi.

1123 1038 1315 1094 XXII.

887 1132 1172 1193 Taunus
1204 1150 1292 1191 Ετ
1320 1134 1568 1192 Garun.

587 1210 609 1216 μ
626 1224 813 1279 Aurus
836 1224 1084 1278 Leonem
1106 1217 1239 1277 dum
1264 1217 1425 1293 fugit,
1450 1215 1674 1299 aliquod
1694 1214 1794 1277 fibi

668 1306 979 1367 Latibulum
996 1325 1290 1384 quaerens,
1310 1304 1616 1385 speluncam
1633 1306 1859 1367 obviam
1876 1304 2038 1368 subit:

439 1394 545 1453 Sed
563 1392 771 1455 obstitit
793 1396 845 1452 ei
869 1395 1130 1454 cornibus
1153 1392 1390 1452 adversis
1406 1398 1602 1473 Caper.

440 1488 613 1543 Nunc
628 1502 738 1555 me,
760 1483 943 1560 inquit
965 1480 1076 1550 ille,
1100 1481 1320 1558 impune
1342 1481 1654 1541 contemnis
1675 1478 1932 1559 quidemz

438 1575 675 1644 Verum,
697 1568 734 1629 fi
752 1570 965 1642 abierit,
988 1586 1153 1646 quem
1171 1568 1358 1645 fugio;
1390 1583 1527 1631 tunc
1549 1567 1777 1644 sentias,

438 1663 494 1716 A
513 1658 686 1715 Tauri
710 1671 980 1735 quantum
1009 1655 1222 1717 viribus
1237 1653 1397 1717 distet
1417 1661 1617 1733 Caper.

439 1746 664 1805 Etenim
682 1741 988 1822 speluncam
1003 1763 1131 1802 cum
1150 1741 1565 1821 praetergressus
1588 1748 1707 1804 Leo

441 1830 643 1893 Procul
664 1828 895 1906 abiisset,
915 1832 1070 1890 omni
1094 1830 1306 1891 sublato
1327 1849 1502 1906 metu,

442 1926 514 1981 In
542 1925 780 1998 Caprutn
803 1924 1024 1980 Taurus
1040 1917 1226 1992 infilit,
1255 1933 1311 1978 et
1326 1937 1449 1984 eum
1467 1932 1646 1979 necat.

533 2009 666 2065 Tibi
692 2008 856 2066 breve
868 2022 1086 2087 tempus
1104 2004 1234 2066 dum
1262 2005 1378 2070 fors
1402 2004 1643 2067 defendit
1657 2004 1888 2084 malum,

443 2094 821 2157 Potentiorem
841 2114 911 2152 ne
934 2090 1153 2175 spernas
1176 2092 1382 2154 hostem
1406 2114 1560 2156 cave.

1133 2254 1352 2314 xxm.

926 2349 1192 2405 Conmx
1219 2366 1302 2405 ετ
1335 2349 1544 2405 Unus.

449 2439 632 2569 ΗΟ
646 2437 692 2491 C
722 2446 1074 2508 argumento,
1099 2437 1320 2505 Lector,
1342 2432 1618 2496 ostendam
1638 2432 1760 2501 tibi,

628 2521 918 2597 Ingenium
935 2540 1127 2579 acuere
1146 2540 1308 2597 quam
1327 2518 1391 2579 fit
1416 2535 1541 2598 apta
1560 2519 1866 2582 neceffitat.

542 2616 734 2686 Aquae
748 2611 953 2667 Urnam
970 2609 1189 2666 Cornix
1209 2609 1341 2668 olim
1365 2606 1546 2667 sitiens
1568 2608 1802 2688 reperit3

448 2694 553 2753 Sed
570 2695 729 2752 altior
752 2709 867 2752 erat
887 2699 1056 2764 Urna,
1087 2713 1253 2773 quarn
1272 2698 1578 2773 pertingere

451 2788 531 2840 Ut
549 2780 720 2861 posset
748 2779 815 2839 ad
837 2801 1066 2860 aquamz
1099 2780 1413 2861 tuncipfiun
1432 2782 1741 2841 connititur

453 2867 750 2930 Effundere
764 2873 1007 2940 Urnam;
1033 2890 1137 2928 nec
1157 2868 1327 2929 valet.
1370 2883 1487 2928 tum
1506 2868 1746 2948 denique

451 2956 543 3033 lnj
551 2961 688 3014 eeiat
703 2955 872 3016 lee'tos
886 2976 958 3015 ex
972 2976 1137 3014 arena
1152 2954 1431 3034 scrupulos
1445 2979 1462 3015 ε

456 3050 617 3125 Aqua
628 3038 955 3105 sublevatur.
998 3049 1126 3106 Hoc
1147 3048 1303 3124 paeto
1326 3045 1543 3104 Cornix
1558 3043 1714 3104 bibit.
