2226 3644
504 232 1422 317 PRAEFATIO.
1653 241 1788 319 xiii.

146 399 217 478 id
263 421 561 502 quoque
610 392 932 469 videatur
981 419 1126 466 non
1179 389 1461 468 defuisse
1512 398 1725 496 magis
1744 452 1771 485 ‚

143 541 352 618 quam
380 504 1227 612 superfuiss'e----bellaria,
1256 507 1505 608 inquit,
1529 535 1609 582 ea
1638 538 1774 585 ma-

145 632 329 704 xime
359 624 516 698 sunt
546 622 834 708 mellita,
872 646 1054 722 quae
1085 620 1348 695 mellita
1377 648 1517 695 non
1546 618 1778 701 sunm*

147 751 438 838 πέμμασιν
466 737 658 812 enim
686 761 848 810 cum
877 738 1049 835 πέψει
1075 733 1362 811 societas
1389 735 1626 813 infida.

149 972 173 1007 ‘
206 960 668 1045 †*Laudanda
698 987 890 1040 certe
919 964 1376 1040 convivarum
1405 966 1750 1064 paucitas:

151 1086 178 1120 ‘
202 1081 274 1155 A
308 1083 716 1157 Gratiarum
746 1106 1043 1154 numero
1070 1087 1315 1153 eorum
1343 1081 1702 1166 convenit,

151 1200 177 1233 ‘
202 1196 534 1343 Incipere
570 1220 968 1280 numerum,
1013 1213 1085 1267 et
1118 1192 1205 1266 ad
1237 1191 1584 1269 musarum
1622 1220 1775 1295 pro-

383 1307 687 1409 ‘gredi'

149 1427 227 1500 N
230 1450 325 1497 on
356 1423 492 1500 ess'e
519 1420 778 1496 multos
805 1424 1171 1514 convenit3
1200 1419 1391 1522 quod
1421 1422 1620 1498 turba
1652 1422 1731 1494 fit

147 1535 578 1638 Plerumque
596 1537 1020 1611 turbulenta.
1050 1542 1072 1571 ‘
1095 1537 1373 1609 Romae
1393 1537 1775 1636 antiquitus

150 1657 176 1690 ‘
208 1653 526 1726 Conviva
554 1651 793 1737 stabat,
825 1647 1276 1724 autsedebat:
1308 1674 1495 1723 nunc
1516 1649 1773 1724 cubat?

152 1765 533 1869 Ipsumque
561 1762 814 1840 deinde
844 1785 1145 1867 quatuor
1172 1762 1572 1838 convivium

152 1879 266 1954 Ex
295 1880 503 1955 rehu&
531 1879 791 1955 constat
808 1909 827 1971 ;
862 1877 1095 1953 et'suis
1131 1899 1298 1953 tunc
1327 1876 1651 1951 omnibus

152 1991 464 2069 Demum
485 1992 871 2068 absolutum
890 1994 1197 2066 numeris
1213 1993 1344 2064 est:
1366 1990 1780 2066 homunculi

150 2109 227 2185 Si
253 2107 704 2190 suntcolleffi
732 2105 897 2180 belli
919 2137 938 2197 ;
970 2105 1014 2177 fi
1041 2107 1257 2185 lectus
1285 2104 1480 2177 locus
1495 2134 1515 2194 ;

154 2223 226 2299 Si
254 2222 515 2296 lestum
543 2242 856 2321 tempus3
897 2241 1262 2321 apparatus
1295 2216 1599 2318 denique

152 2338 227 2413 si
257 2362 402 2410 non
431 2335 783 2435 neglectus
812 2353 849 2407 .‘
865 2386 1401 2408 ...........

151 2451 508 2527 Convivas
539 2473 671 2523 nec
704 2447 1033 2547 loquaces
1066 2439 1297 2520 autem
1330 2465 1673 2546 oporteat,

154 2565 320 2638 Nec
339 2583 574 2638 mutos
590 2563 862 2661 legere:
899 2563 1062 2663 quia
1082 2560 1479 2660 eloquentia
1501 2560 1575 2633 in
1592 2557 1773 2648 som,

160 2677 254 2752 Et
282 2675 475 2782 apud
499 2673 844 2752 subsellia:
874 2701 1007 2750 nec
1035 2699 1208 2749 vero
1235 2674 1308 2747 in
1334 2674 1686 2760 convivio,

239 2886 267 2917 ⁰
311 2884 521 2954 Cupediz‘s
546 2900 647 2935 cum
670 2881 957 2934 concofflone.

235 2967 270 3028 †
306 2967 450 3033 Qae
482 2963 655 3013 uncinis
690 2961 995 3023 includuntur,
1028 2968 1220 3012 mentem
1248 2958 1466 3012 Varronis
1499 2956 1777 3027 exprimunt,

166 3055 247 3092 m
268 3041 412 3094 verba
430 3042 531 3112 ipsa
545 3041 901 3111 repraesentant.
