2226 3644
564 277 874 328 LIBER
950 279 1422 332 TERTIUS.
1726 295 1792 343 59

172 372 491 437 LaboriBus
506 368 619 450 ipse
641 370 770 431 dum
794 371 1068 451 perpetuis
1082 372 1308 433 interim

175 463 558 533 Exn-citatus,
581 460 679 518 vix
696 458 949 518 alimonii
967 456 1093 518 satie

174 554 252 610 Et
275 546 543 620 insuavis,
564 563 619 604 et
637 547 784 620 vilis,
806 549 988 617 habet,
1013 545 1165 624 quod
1183 560 1349 627 queat

175 636 438 708 Efficere,
464 638 573 695 vita
595 655 665 695 ne
686 631 736 694 se
754 633 942 693 misera
958 631 1185 694 delerat.

177 724 282 784 Sed
307 724 375 783 ad
392 721 595 804 pericla
610 721 734 782 belli
752 721 1095 801 postmodum
1113 720 1309 782 videno

177 816 405 890 Equum
423 812 692 891 apparari,
709 810 826 887 jam
844 808 992 869 suam
1017 807 1215 869 sortem
1233 810 1429 890 incipit

178 899 465 975 Diligere;
497 915 579 970 et,
606 896 826 956 Afinum
841 901 1054 969 vivere,
1077 900 1286 976 inquit,
1305 900 1587 980 mejuvnt.

273 992 507 1055 Eorum,
533 987 631 1064 qui
649 987 786 1044 beati
804 984 1129 1058 ereduntur,
1153 985 1297 1046 mala

102 1068 107 1071 ⁷
176 1063 411 1145 ¹Videre,
434 1072 643 1133 miseris
657 1092 775 1132 non
789 1071 911 1134 leve
922 1071 996 1133 est
1019 1072 1298 1135 solatium.

800 1232 1074 1291 XXXIII.

256 1341 274 1354 ⁸
800 1335 914 1390 ΙΕτ
926 1352 987 1389 ιιι
1000 1352 1038 1390 o
1051 1350 1080 1390 ι’
1095 1351 1122 1391 s
1133 1373 1149 1392 .
1273 1366 1278 1369 -

186 1423 394 1550 SIBI
414 1415 706 1497 loquacem
729 1416 1009 1496 contigisse
1033 1417 1317 1480 Mulierem

316 1513 466 1565 Dum
490 1507 598 1564 Vir
619 1507 994 1585 conqueritur,
1016 1521 1072 1565 et
1087 1506 1303 1567 stenum
1319 1507 1631 1573 celerrimae

184 1597 481 1674 Imponere
502 1592 726 1671 linguae
749 1592 899 1653 mille
920 1607 1099 1653 tentat
1121 1595 1351 1664 artibus,

185 1684 535 1760 operamque
552 1679 756 1760 perdit3
789 1680 859 1740 fic
876 1679 1123 1760 Aesopus
1150 1683 1346 1761 incipit
1451 1708 1458 1714 ·

181 1772 422 1829 Narrare
440 1788 456 1826 ε
491 1764 761 1828 servulum
779 1770 1104 1848 Aethiopem
1123 1789 1196 1849 qu
1204 1769 1344 1831 idam
1360 1785 1602 1847 emeratg

185 1858 368 1934 Cujus
391 1857 606 1933 nigrum
630 1855 872 1916 colorem
897 1861 1236 1917 contraitum
1261 1874 1461 1938 putans

183 1941 362 2007 Fuiffe
382 1959 610 2023 propter
622 1943 787 2003 solam
808 1942 1196 2021 negligentiam

183 2031 422 2093 Domini
439 2033 663 2110 prioris,
685 2030 873 2109 usque,
896 2046 952 2089 et
966 2029 1139 2110 usque
1156 2035 1304 2093 hunc
1325 2031 1523 2096 institit

184 2126 423 2191 Lavare,
442 2117 621 2177 donec
640 2118 936 2184 immodica
958 2121 1182 2178 vexatio

185 2212 272 2266 Eo
288 2207 474 2282 coie'git
487 2203 766 2278 miserum,
799 2221 861 2264 ut
877 2206 1046 2265 morti
1068 2208 1431 2271 occumberet.

271 2296 565 2371 Corrigere
588 2294 688 2372 qui
708 2292 833 2353 vult
854 2309 1133 2369 naturam,
1155 2296 1480 2378 Aethiopem
1493 2296 1667 2358 lavat.

846 2454 1120 2510 XXXIV.

827 2563 891 2616 M
905 2580 943 2618 u
963 2580 988 2619 s
1008 2580 1040 2619 c
1057 2580 1110 2619 ε
1122 2602 1137 2619 .

342 2643 444 2704 Ffu
451 2641 503 2704 sa
517 2643 692 2704 mellis
715 2646 870 2724 eopia
884 2645 955 2705 est
969 2669 987 2706 ε
1016 2643 1236 2706 Muscae
1249 2643 1532 2716 advolant,

389 2731 850 2811 Comeduntque;
873 2731 959 2791 fied
986 2755 1123 2793 mox
1140 2734 1413 2813 impeditis
1431 2734 1684 2795 cruribus

189 2819 465 2878 Revolare
481 2834 783 2898 nequeunt.
832 2825 954 2880 Heu
974 2825 988 2880 l
1017 2820 1285 2896 miseram,
1303 2823 1582 2902 inquiunt,
1599 2824 1794 2884 vicem!

192 2907 367 2965 Cibus
385 2907 475 2964 iste
490 2907 724 2965 blandus
749 2907 845 2986 qui
864 2907 1086 2987 pellexit
1101 2905 1356 2982 suaviter,

192 2999 360 3057 Nunc
375 2991 755 3053 fraudulentus
780 3015 943 3073 quam
975 2996 1267 3054 crudeliter
1282 2998 1478 3055 necat!

277 3079 489 3142 Perfida
505 3082 764 3161 voluptas
780 3085 888 3145 hoc
909 3083 1163 3163 exemplo
1177 3083 1445 3166 pingitur.
