2226 3644
519 252 828 317 Lmen
905 266 1381 319 TER-rtur.

143 356 300 418 Illum
318 370 538 436 gratum
563 354 668 417 effe
689 356 924 430 cuneiis,
953 359 1199 436 accipere
1219 362 1402 425 cibum

144 451 231 505 De
243 444 430 505 mensa
454 444 637 519 herili,
665 461 721 504 et
743 447 841 503 hae
867 464 1061 504 omnes
1078 446 1214 508 ludo
1233 447 1355 511 suas

147 535 459 602 Beatitates,
488 533 719 611 otioque
741 530 1000 613 consequi
1015 553 1036 591 ε

143 624 365 681 Portare
380 636 581 681 contra
597 617 702 678 sese
718 618 944 680 clitellas
967 616 1111 699 suat,

146 709 313 768 Caedi
338 706 590 785 flagellis,
615 706 853 767 otiosum
882 706 1080 767 nullibi

142 793 377 864 Ceffare,
406 810 462 853 et
479 792 581 854 effe
596 793 898 875 despefimm
915 795 1173 855 omnibus
1189 811 1371 859 tamen
1386 815 1409 859 ε

142 882 279 945 Istuc
296 881 334 941 fi
351 881 449 941 fiat
471 895 654 941 autem
672 880 976 956 blanditiis,
1003 901 1126 942 eam

140 970 398 1030 Decrevit
413 985 608 1042 artem,
637 986 751 1029 tam
772 970 985 1044 utilem,
1008 972 1213 1049 pariter
1231 967 1379 1053 sequi
1395 992 1416 1034 ε

141 1063 209 1117 Et

230 1079 296 1117 ea
314 1072 543 1137 propter
564 1060 720 1129 hero,
744 1057 890 1118 forte
908 1056 1160 1116 redeunti
1174 1057 1428 1139 domum,

144 1150 272 1205 Rem
296 1159 631 1218 tentaturus,
653 1148 998 1225 procucurrit
1017 1146 1275 1223 obviam3

142 1237 210 1291 Et

140 1327 211 1378 At

232 1230 520 1306 subfilivit,
543 1246 597 1291 et
618 1230 853 1312 pulsavit
875 1233 1121 1310 ungulis.

228 1320 323 1379 ille
346 1319 575 1390 clamat3
601 1319 980 1398 advolantque
998 1318 1191 1379 strvuli
1207 1343 1227 1393 3

138 1412 206 1467 Et
224 1411 449 1486 ineptus
476 1405 696 1480 Afinus,
724 1407 820 1486 qui
844 1405 896 1464 se
928 1409 1200 1468 urbanum
1217 1408 1471 1491 eredidit,

137 1493 375 1555 Nodosis
397 1493 624 1573 pulchre
646 1492 932 1553 dedolatur
944 1493 1193 1554 fustibus.

220 1590 416 1664 Saepe,
444 1582 539 1641 ubi
556 1597 817 1661 repugnat
836 1598 1055 1659 natura,
1086 1582 1260 1644 officit
1278 1582 1451 1648 labor.

846 1760 985 1818 XV.

654 1934 780 1991 Bos
809 1950 891 1989 n·
913 1937 1218 1994 Vtrum.

132 2025 469 2137 ARantem
490 2017 683 2078 Vitula
705 2020 926 2097 pinguis
949 2020 1210 2100 aspiciens
1235 2026 1469 2097 Bovem,

282 2116 421 2170 Eum
439 2104 764 2184 contempfit
789 2126 916 2185 prae
933 2105 1003 2172 se,
1028 2125 1171 2185 quae
1185 2109 1322 2168 nibil
1343 2123 1542 2188 ageret.

130 2197 233 2257 Sed
250 2193 495 2257 sacrificii
521 2213 654 2252 mox
668 2208 731 2251 ut
747 2195 968 2252 advenit
992 2195 1109 2253 dies

123 2283 334 2345 Boveni
361 2282 624 2359 relinquit
644 2281 927 2346 dominus,
956 2299 1008 2340 et
1024 2280 1270 2342 Vitularn
1291 2282 1562 2347 immolat.

126 2371 294 2452 Qod
320 2390 452 2430 cum
477 2367 708 2438 videret,
730 2370 862 2427 heus
884 2373 1083 2442 amica,
1102 2376 1212 2429 Bos
1232 2372 1329 2444 ait,

122 2454 478 2522 Laboraviss‘e
500 2475 784 2535 nunquam
800 2456 934 2536 quid
951 2472 1004 2516 te
1019 2478 1171 2517 nunc
1185 2459 1388 2538 juvat?

117 2905 219 3024 L

834 2636 979 2692 XVI
985 2675 1002 2693 .

395 2807 545 2865 Lao
569 2809 642 2865 Fr
659 2823 727 2864 ιι
743 2823 835 2864 ΑΜ
855 2810 1143 2865 Rusrrct
1177 2824 1431 2869 Annus-

220 2899 268 2953 E
279 2899 331 2951 Ο
354 2891 634 2969 cujusdam
652 2891 854 2954 Rustici
872 2897 1082 2953 amabat
1097 2892 1259 2953 filiam
1275 2915 1295 2967 ς

264 2987 523 3059 Cumque
538 2982 683 3039 illam
701 2983 894 3040 habere
910 2998 1156 3061 cuperet,
1180 2995 1392 3062 patrem
1409 2980 1645 3062 virginis

120 3069 383 3149 Rogavit,
409 3066 682 3132 ass‘entiret
702 3070 909 3131 nubere
930 3070 1076 3129 hanc
1090 3066 1209 3130 fibi.

860 3156 1006 3220 Dz
