2226 3644
479 266 568 307 Μ
702 247 1234 302 FABULARUM
1271 248 1856 304 AESO'PIARUM.

1171 431 1368 490 XXV.

905 605 1150 663 Mnus
1179 619 1641 663 Exsromarx.

610 677 814 750 Nusta
835 688 1107 769 pulchris,
1131 685 1453 768 eximiisque
1472 688 1737 750 fructibus

687 778 1034 857 superbiebat
1048 776 1266 837 Malus.
1289 796 1420 836 nam
1438 775 1701 859 quotidie-

474 864 684 926 Herilis
707 864 776 925 ad
797 860 850 922 se
869 863 1179 924 ventitabat
1196 862 1437 939 familia,

472 951 654 1017 Modo
669 955 800 1024 hoc,
822 949 993 1011 modo
1007 950 1144 1011 illud
1163 970 1410 1032 pomum,
1430 950 1519 1011 ciii
1535 951 1837 1012 maturitas

470 1042 716 1101 Pretium
739 1035 1039 1114 addidisset,
1065 1037 1391 1118 decerpendi
1419 1038 1615 1116 gratia.

472 1131 559 1190 Sic
576 1126 671 1187 ina
685 1128 893 1186 amicos
907 1124 1104 1202 facere,
1131 1124 1289 1186 stulta
1305 1123 1538 1187 credidit
1556 1145 1573 1184 ε

473 1223 575 1291 At,
604 1227 811 1294 praeter
831 1210 985 1287 foiia,
1007 1210 1296 1292 postquam
1312 1212 1393 1272 nil
1415 1208 1701 1294 superfiiit,

476 1301 675 1362 Eadem
696 1314 918 1382 repente
930 1297 1036 1360 sese
1051 1298 1311 1360 desertam
1326 1297 1549 1374 videns,

474 1392 633 1450 Heu!
662 1387 857 1457 fuerat,
882 1387 1088 1467 inquit,
1112 1385 1273 1448 diviti
1290 1386 1476 1448 nullus
1492 1387 1633 1447 mihi·

477 1478 729 1554 Amicus,
748 1475 1013 1558 quoniam
1028 1473 1213 1536 nullus
1228 1472 1303 1535 est
1324 1494 1474 1535 nunc
1489 1474 1738 1556 pauperi.

1156 1653 1378 1710 XXVI.

859 1828 1061 1885 Canis
1091 1843 1171 1883 er
1198 1830 1499 1885 Lavoans
1523 1842 1683 1885 nuo.

644 1914 836 1974 NUM
863 1908 1133 1971 insecutus
1155 1912 1214 1971 in
1230 1928 1424 1995 campo
1440 1916 1715 2015 Leporem
1739 1913 1938 1989 Came,
2003 1989 2008 1994 ξ

687 1997 860 2059 Videt
873 1996 1133 2072 alterum3
1165 2013 1222 2059 et
1241 2020 1369 2060 eum
1391 2000 1578 2081 coepit
1598 2000 1806 2081 pariter
1823 1998 2033 2084 inst-qui
2051 2022 2096 2068 ε,

474 2095 550 2149 At
566 2102 857 2165 utrumque
877 2105 1066 2167 capere
1078 2084 1212 2146 dum
1234 2088 1407 2167 cupit,
1436 2099 1691 2148 neutrum
1713 2088 1883 2172 capit.

558 2175 671 2236 Sibi
690 2170 804 2256 ipsa
815 2170 1021 2253 semper
1034 2172 1267 2234 aviditas
1283 2176 1456 2236 nimia
1469 2172 1665 2234 officit.

1136 2353 1386 2408 XXVII.

829 2528 987 2597 Leo,
1009 2528 1284 2599 Simus,
1310 2540 1399 2582 ετ
1427 2528 1706 2584 vuum.

647 2614 1000 2690 Uaecumque
1015 2608 1182 2690 paulo
1206 2610 1448 2669 curtiore
1464 2608 1746 2690 praeditae

693 2696 879 2757 Cauda
907 2695 1126 2757 suiffeut
1146 2696 1375 2772 belluae,
1399 2696 1574 2757 edixit
1590 2702 1734 2774 Leo,

468 2790 578 2843 Suo
602 2785 664 2843 ni
689 2784 957 2844 excedant
973 2804 1146 2864 regno
1161 2784 1308 2843 intra
1332 2803 1535 2863 paucos
1559 2782 1699 2860 dies,

472 2871 627 2929 Malo
642 2871 1003 2946 muletandas,
1029 2886 1310 2953 quotquot
1332 2872 1613 2950 potuerint
1641 2874 1790 2954 capi.

473 2965 714 3017 Poenam
730 2979 861 3036 ergo
885 2958 1047 3019 celeri
1069 2959 1269 3019 Simius
1284 2973 1436 3037 parat
1451 2957 1581 3037 fuga

359 3111 366 3122 ‚
469 3047 662 3107 Vitare
676 3066 696 3122 5
728 3063 786 3108 at
808 3046 974 3127 ipsam
993 3044 1233 3108 fimiliter
1253 3045 1491 3127 Vulpem
1517 3044 1713 3107 videns
