2226 3644
550 269 855 322 LtssER
923 273 1400 336 QUINTUS.

887 438 1021 492 XX.

687 542 865 598 CERA
898 557 981 595 ετ
1007 542 1262 600 LATER.

172 627 281 748 C
297 626 343 683 E
356 628 408 683 R
420 628 470 683 A
494 620 776 685 invidebat
791 628 975 685 Lateri
998 624 1252 686 duritiem
1279 624 1422 689 suam
1443 651 1464 703 3

330 718 512 787 Quam
536 713 840 793 comparari
856 715 925 772 ab
942 714 1152 790 ignium
1172 714 1439 776 violentia

173 802 317 858 Cum
342 796 706 880 comperiss'et,
732 799 784 860 se
806 800 919 880 ipsa
942 800 1003 859 in
1026 803 1181 878 ignes
1200 801 1388 881 dejicit
1404 827 1423 864 t

171 892 251 946 At
268 885 460 946 misera
482 890 700 968 penitus
720 887 972 969 liquitur,
995 904 1050 947 et
1065 886 1428 951 consumitur.

261 973 432 1049 Quod
457 976 553 1035 uni
574 974 812 1056 prodest,
835 974 987 1034 alteri
1010 975 1162 1054 saepe
1184 977 1241 1037 id
1258 995 1443 1040 nocet.

848 1134 1012 1188 XXI.

650 1248 784 1301 Lm‘
798 1259 872 1303 us
898 1261 980 1298 ετ
1008 1246 1270 1304 Munus.

169 1324 452 1440 VIsuM
477 1329 697 1409 parabat
711 1328 969 1388 invadere
997 1332 1212 1391 Mulum
1238 1339 1426 1412 Lupus
1445 1356 1466 1406 ς

329 1422 405 1475 At
419 1436 625 1476 nomen
651 1417 772 1495 ejus
790 1413 923 1477 scire
940 1438 1065 1477 cum
1082 1419 1243 1477 vellet
1256 1422 1432 1498 prius,

170 1506 286 1577 Qui
303 1518 364 1563 tu
382 1504 622 1576 vocaris,
646 1505 862 1583 inquit?
892 1503 1028 1564 istud
1053 1526 1141 1565 me
1157 1506 1379 1587 quidem

167 1594 354 1666 Latet,
377 1593 451 1650 ait
470 1590 692 1663 Mulus;
718 1591 901 1651 audire
917 1595 1139 1652 memini
1156 1609 1340 1653 tamen

166 1683 220 1734 A
237 1694 433 1750 matre,
456 1698 663 1738 nomen
677 1677 778 1739 effe
799 1682 931 1739 mihi
950 1680 1205 1759 scriptum
1226 1681 1384 1763 pedis

166 1771 238 1825 In
259 1762 373 1845 ipsa
389 1767 565 1827 dextri
585 1764 893 1846 posterioris
910 1768 1116 1846 ungula
1134 1790 1152 1842 ;

166 1853 337 1929 Quod
358 1852 490 1914 scire
505 1851 545 1913 fi
560 1857 665 1929 via,
685 1855 876 1916 accede
891 1857 1020 1931 huc,
1043 1856 1187 1934 legas
1204 1857 1353 1918 licet.

164 1946 381 2021 Lupus,
404 1941 618 2021 legendi
632 1945 801 2020 gratia
820 1964 944 2003 cum
968 1942 1267 2016 accederet,

164 2028 363 2089 Pedem
381 2029 472 2090 ille
488 2029 743 2089 dextrum
762 2029 1111 2110 posteriorem
1129 2029 1355 2105 sustulit,

106 2179 118 2190 ‚
164 2115 458 2197 Hujusque
473 2117 663 2188 fronti,
688 2135 893 2198 quanta
910 2121 968 2178 vi
992 2121 1202 2199 potuit,
1230 2119 1386 2179 fimul

164 2208 422 2286 Impegit,
448 2226 511 2263 ac
527 2203 891 2266 semianimem
920 2204 1203 2286 prostravit
1221 2205 1358 2266 solo·

166 2298 362 2372 Lupus
377 2292 443 2352 ad
464 2291 515 2351 se
532 2292 746 2352 tandem
763 2297 863 2351 vix
880 2292 1145 2366 reversus,
1164 2298 1268 2355 heu
1287 2300 1300 2354 Ξ
1330 2297 1457 2354 mali

164 2386 450 2459 Qantum
468 2382 671 2440 creavit
688 2380 842 2440 stulta
859 2379 1160 2455 curiofitas,

164 2471 332 2532 Dixit
347 2467 675 2544 lamentans,
698 2486 753 2527 et
770 2470 902 2529 boni
929 2489 1074 2548 quan
1083 2485 1200 2530 tum
1217 2468 1458 2530 abstulit!

861 2631 1047 2683 XXII.
1113 2673 1125 2689 .

1723 297 1795 344 97

184 2735 465 2799 Ἑιυνιι,
499 2749 722 2788 ALTER
752 2749 1216 2799 PERSTREPENS,
1251 2752 1472 2792 ALTER
1502 2752 1742 2794 snam.

160 2818 329 2932 AD
352 2816 604 2876 Fluvium
626 2837 829 2894 magno
844 2816 1256 2898 perstrepentem
1284 2842 1556 2880 murmure

320 2904 556 2978 Quidam
575 2908 754 2964 viator
766 2926 888 2965 cum
907 2904 1153 2977 veniffet,
1174 2906 1385 2978 restitit,

159 2993 525 3071 Timuitque:
552 2990 639 3051 sed
664 3014 799 3052 mox
815 2990 972 3050 ausus
997 2991 1067 3052 est
1084 3008 1265 3052 tamen
1286 2995 1485 3055 vadum

160 3086 223 3137 T
224 3095 442 3152 entare.;
469 3094 526 3139 et
544 3081 718 3151 undas
735 3082 939 3142 mirans
959 3081 1245 3141 altitudine

938 3174 990 3224 G
