2226 3644
552 250 859 305 LIBER
939 250 1416 312 QUINTUS.

170 357 306 412 Part
321 343 634 413 nostrorum
643 345 935 410 hominum
950 341 1134 406 lanior-
1155 345 1410 407 nondum
1433 364 1620 430 negat.

173 445 332 516 Ergo
346 451 401 496 et
416 450 653 511 tentare,
673 454 810 499 num
826 432 941 508 illa,
964 452 1110 515 quae
1128 434 1291 499 toties
1306 434 1476 514 legas,

172 524 459 587 Imitando
475 523 693 587 donum
710 522 1055 600 aliquatenus
1074 520 1260 587 valeas
1282 524 1393 582 tuis

173 619 430 694 Aequare
444 609 656 691 scriptis
678 610 867 689 lingua
889 608 1074 671 eadem
1095 606 1384 687 differens,

174 702 414 760 Minime
427 696 602 761 videri
623 697 847 761 absurda
868 717 958 763 res
976 699 1110 758 haee
1133 695 1344 761 debeat.

176 791 400 870 Qippe
414 787 569 847 utilis
580 788 685 849 erit
703 786 830 849 talis
847 784 1142 847 aemulatio
1154 808 1172 844 ε

175 878 261 936 Sic
280 895 520 954 namque
534 873 625 933 fiet
647 872 967 933 familiarior
991 874 1048 931 in
1063 871 1181 932 dies

177 964 498 1022 Latinitatis
523 981 710 1020 aureae
732 959 985 1032 scientia3

176 1052 242 1129 Ej
250 1047 419 1130 usque
434 1069 606 1130 porro
628 1049 807 1107 varias
821 1049 1060 1127 optimas
1077 1066 1212 1128 opes

176 1137 558 1217 Frequentiori
571 1133 652 1219 fas
662 1138 771 1195 erit
785 1136 1117 1196 commercio

179 1228 401 1286 Habere
415 1224 685 1283 retendas.
732 1225 824 1281 Sin
842 1223 1060 1295 minus;
1089 1219 1248 1283 brevi
1262 1219 1495 1297 accidet,

178 1314 418 1394 Superba
434 1312 615 1389 gentis
629 1310 969 1385 arrogantia,
996 1307 1091 1367 fibi

180 1406 258 1459 Ut
272 1399 633 1460 occludantur
648 1397 858 1476 limpidi
875 1396 1054 1455 fontes
1078 1398 1262 1455 bonae

181 1487 549 1567 Antiquitatis
564 1508 583 1557 ;
609 1486 769 1562 cujus
783 1486 1052 1561 ingenuae
1065 1482 1285 1562 quidem

185 1583 464 1649 Veneres,
491 1570 721 1653 salesque
735 1569 921 1651 lepidi,
945 1587 1002 1630 et
1015 1591 1098 1629 ars
1112 1565 1412 1647 aequabilis

183 1670 250 1723 In
268 1663 448 1736 libris,
472 1681 613 1739 quos
637 1680 788 1718 nune
811 1658 1021 1718 Gallica
1043 1657 1255 1736 expolit
1280 1673 1500 1729 manua,

184 1747 462 1830 Plerisque
478 1747 689 1807 nullum
704 1746 819 1824 jam
836 1745 948 1805 fere
964 1747 1261 1804 inveniunt
1283 1743 1492 1802 locum.

270 1842 396 1898 Hac
410 1835 519 1918 ipse
532 1849 841 1895 commotus
858 1832 1257 1913 aliquantulum
1275 1830 1357 1890 fui

186 1926 494 2006 Iniquitate
510 1939 844 2002 temporum,
868 1936 924 1979 et
937 1921 1251 1992 deterritus,

182 2020 275 2075 Ne
293 2011 427 2092 quid
451 2013 644 2071 Latine
661 2007 915 2088 striptum
932 2007 1244 2066 mandarem
1260 2004 1428 2085 typis.

187 2106 268 2160 At
289 2102 530 2181 primum
554 2098 611 2155 in
627 2094 758 2165 istis,
786 2115 925 2175 quas
943 2092 1136 2173 polivi,
1159 2090 1357 2151 fabulis

186 2190 332 2247 Satis
347 2183 601 2266 expedita
615 2204 737 2242 cum
756 2181 820 2241 fit
838 2181 1146 2260 {implicitas
1162 2178 1303 2257 styli,

186 2272 565 2352 Brevitasque,
587 2287 642 2330 et
658 2267 841 2329 senfias
855 2271 1089 2329 varietas
1103 2266 1398 2346 probabilis
1412 2286 1433 2339 ;

187 2360 472 2441 Legendas
489 2356 710 2418 modico
731 2355 939 2435 speravi
956 2354 1193 2428 fastidio,

189 2445 578 2526 venturasque
594 2447 756 2503 etiam
780 2445 838 2501 in
852 2442 1219 2503 multitudinis
1234 2458 1455 2499 manus.

190 2543 346 2596 Tum
370 2534 409 2594 fi
431 2534 594 2611 longe
613 2531 765 2590 aliter
779 2531 1010 2602 accidat,
1034 2528 1353 2609 paucissimis

191 2631 506 2683 Contentus
522 2618 624 2678 effe
640 2619 855 2677 decrevi
871 2619 1188 2689 leeloribus,

187 2714 332 2773 satis
355 2713 570 2778 beatus,
594 2708 647 2764 hi
668 2702 834 2764 modo
855 2704 957 2764 fint
972 2703 1165 2762 ssmiles
1189 2703 1290 2769 tui,

192 2801 416 2881 Optime
439 2803 518 2853 SA
530 2798 725 2868 LERI,
756 2796 850 2872 qui
875 2794 1056 2870 lepore
1070 2789 1334 2860 candid0,

193 2893 268 2947 Et
284 2901 401 2944 arte
415 2882 617 2956 lucida,
644 2895 698 2938 et
712 2882 908 2960 opibus
926 2880 1135 2937 cunetis
1149 2879 1329 2936 bonae

195 2971 565 3053 Antiquitatis
584 2970 700 3047 jam
717 2968 809 3027 diu
841 2979 1076 3026 mentem
1099 2981 1274 3035 tuam,

195 3067 410 3122 Bonam
428 3055 594 3140 ipsam
610 3073 664 3117 et
682 3056 933 3124 alacrem,
963 3073 1159 3111 ornare
1177 3051 1403 3133 pulchre
1426 3044 1671 3107 noveris.

947 3145 1080 3217 F⁴

1728 262 1794 319 87
