2226 3644
478 246 559 305 ‘u
733 247 1268 300 FABULARUM
1304 247 1869 311 AESOPIARUM

492 343 767 406 Omnibus
787 341 855 402 ad
870 360 1047 402 unum
1063 339 1251 417 Malia,
1268 340 1390 420 jam
1405 361 1525 404 non
1541 346 1742 423 aureis,

486 438 666 494 Luem
678 428 942 505 insediffe‚
962 445 1019 489 et
1035 428 1311 490 horridam
1326 429 1696 510 putredinem.

485 524 563 581 Et
575 517 944 580 calamitatem
966 536 1088 578 non
1106 536 1216 595 ego
1227 518 1375 580 hanc
1394 516 1794 624 praedixeram,

482 605 808 669 Exclamat?
835 606 942 665 heu
957 624 1078 665 me.
1063 607 1077 646 ¹
1106 624 1275 685 quam
1291 625 1456 666 verus
1475 605 1676 686 forem,
1708 609 1878 672 nimis

479 691 895 773 Intelligebam.
940 689 1031 753 sed
1045 689 1204 751 aliter
1221 688 1397 753 visum
1419 693 1544 770 tibi,

480 787 662 844 Pater.
704 778 917 843 Dolore
931 776 999 851 (u
1005 799 1082 841 on
1096 780 1243 839 tanti
1256 777 1361 858 est)
1375 778 1476 857 fili,
1494 779 1724 864 abstine,

478 871 580 931 Ait
591 868 705 946 ille,
723 868 971 947 jungens
988 868 1152 948 plena
1171 868 1377 929 amoris
1390 866 1612 930 oscula:

479 957 620 1018 Tibi
639 952 794 1036 quod
809 956 1005 1015 habere
1019 953 1177 1036 super
1198 956 1284 1016 hie
1311 954 1583 1017 noluerim
1596 954 1786 1037 fidem,

479 1044 739 1124 Quereris
758 1062 777 1103 ε
821 1056 879 1101 at
891 1039 1003 1123 ipse
1019 1042 1292 1123 numquid
1308 1041 1611 1106 credideras
1624 1048 1789 1123 mihi,

474 1141 629 1208 Dum
652 1150 1079 1207 commonerem,
1101 1132 1220 1192 vita
1234 1150 1468 1211 quorum
1481 1150 1603 1192 non
1620 1131 1768 1194 foret

474 1219 819 1302 Impuritatis
837 1237 1064 1299 expers,
1092 1237 1259 1299 quam
1280 1214 1443 1279 facile
1460 1219 1521 1278 in
1543 1218 1745 1283 malam

475 1306 781 1372 Perniciem
799 1325 993 1371 eorum
1012 1304 1242 1367 societas
1262 1304 1589 1366 adduceret?

474 1392 692 1459 Periiss'e
715 1391 885 1468 Mala,
902 1391 1059 1454 douo
1080 1411 1220 1473 quae
1231 1390 1502 1470 dederam,
1525 1393 1711 1469 dolen

471 1489 698 1564 JaQra
711 1480 848 1541 levis
863 1477 960 1553 est,
986 1500 1235 1561 quaeque
1248 1499 1387 1541 mox
1405 1483 1742 1563 reparabitur
1759 1504 1781 1544 ε

470 1569 577 1632 Sed
592 1565 907 1628 adulteratis
922 1565 962 1627 fi
975 1581 1054 1641 te,
1075 1581 1226 1641 nate,
1246 1568 1493 1629 moribus

469 1655 789 1737 Aliquando
803 1653 919 1715 fieri
936 1652 1193 1715 vitiosum
1206 1656 1555 1735 contingeret
1568 1677 1588 1729 ς

470 1745 601 1821 Ista,
624 1745 764 1805 heu!
794 1756 883 1803 tot
903 1742 1048 1802 curis
1065 1759 1207 1821 quae
1223 1742 1451 1803 anxium
1475 1744 1652 1805 tenuit
1670 1758 1905 1829 patrem,

316 1841 321 1852 ³
435 1885 443 1891 .
469 1839 549 1896 Et
569 1852 679 1914 qua
695 1850 848 1892 nune
860 1830 1009 1892 vivis
1024 1845 1179 1891 totus
1196 1830 1441 1892 amabilia
1457 1833 1621 1912 patri,

467 1923 634 1981 Vitae
647 1919 966 1980 innocentis
988 1914 1027 1977 fi
1043 1920 1246 1998 periret
1259 1916 1499 1993 castitas5

463 2008 614 2090 Qid
630 2021 784 2089 patre
797 2003 995 2066 misero
1012 2004 1205 2066 fieret?
1234 2024 1470 2087 quemve
1487 2008 1750 2069 acerbitas

466 2096 701 2160 Doloris
715 2107 932 2175 caperet
945 2093 1005 2153 in
1021 2092 1191 2155 eorde
1204 2108 1439 2176 paterno
1453 2094 1682 2155 modum
1699 2095 1725 2156 ἶ

464 2191 654 2264 Atque
674 2179 771 2242 ista
784 2178 1025 2257 demum,
1047 2199 1188 2261 quae
1201 2200 1314 2258 me,
1340 2196 1503 2260 teque
1517 2180 1793 2262 perderet,

461 2275 708 2352 paura,
728 2287 858 2328 nam
874 2286 989 2347 quo
1007 2268 1235 2350 reparari
1251 2271 1412 2350 paeto
1429 2269 1631 2347 queat?

461 2363 596 2421 Hoc
609 2356 810 2417 dieitur
824 2355 1112 2415 convietus
1126 2352 1381 2437 exemplo
1395 2375 1530 2435 puer

461 2443 772 2508 Meminiss'e
783 2439 1011 2521 semper,
1031 2441 1298 2504 insincera
1311 2461 1478 2523 quam
1498 2444 1619 2506 cito

462 2532 765 2596 Perniciem
786 2529 954 2590 Malis
976 2528 1544 2609 intuliss'entintegris.

548 2622 802 2681 Retinere
819 2636 1088 2677 memores
1101 2613 1311 2679 lensum
1326 2616 1548 2696 hujusce
1562 2614 1798 2697 fabulae,

459 2713 514 2768 Ο
531 2709 678 2786 pueri
695 2728 711 2767 z
748 2724 874 2765 raro
889 2724 1011 2766 eum
1027 2707 1192 2764 bonis
1210 2702 1304 2766 fiet
1322 2705 1506 2766 bonus

459 2791 713 2857 Vestrum
734 2790 965 2877 aliquia
993 2788 1203 2877 semper
1213 2812 1340 2857 eum
1355 2792 1513 2857 malis
1534 2790 1627 2856 fiet
1646 2793 1844 2859 malut.
