2226 3644
485 266 557 330 5‘2‘
711 266 1244 315 FABULARUM
1282 265 1864 320 AESOPIARUM.

484 355 656 416 Nullo
677 352 729 414 se
749 360 932 436 pacto,
956 372 1018 415 ut
1036 357 1175 416 Filia
1198 357 1369 416 nubat
1391 354 1611 433 bestiae,

484 443 706 504 Adduci
724 442 869 523 poffe
886 442 1135 504 Rusticus
1148 442 1343 503 refert:
1368 458 1574 520 tamen,

486 537 631 591 Cum
655 535 816 591 torve
833 530 1110 611 aspiceret,
1139 530 1520 612 frendet-etque
1538 532 1804 594 dentibus.

486 626 606 678 Leo
629 621 859 678 minanti
881 617 1085 693 fimilis,
1109 617 1197 677 ille
1217 622 1513 678 exterritus

485 712 672 766 Mutat
687 704 967 768 confilium
986 729 1004 779 ς
1029 707 1331 786 Filiamque
1344 706 1471 766 huic
1486 710 1689 768 nubere

483 802 549 853 Se
571 815 768 876 cupere
789 795 953 864 dicit;
979 793 1151 854 modo
1168 791 1260 853 fibi
1276 792 1470 853 dentes
1494 791 1631 854 finat

484 878 813 961 Unguesque
835 880 985 956 velli,
1009 883 1106 961 qui
1122 895 1388 940 terrerent
1406 883 1701 960 virginem.

484 969 653 1047 Qod
681 967 986 1049 postquam,
1007 988 1192 1027 amore
1205 989 1416 1043 caecus,
1446 968 1683 1049 permisit
1707 974 1855 1046 Leo,

481 1057 592 1116 Sibi
614 1077 742 1134 ergo
767 1055 987 1115 demum
1006 1055 1196 1115 Filiam
1215 1055 1332 1115 dari
1353 1058 1592 1136 expetit:

481 1144 584 1204 Sed
607 1144 762 1204 illum
779 1144 1043 1202 inermem
1062 1142 1441 1221 Rusticuajam
1455 1164 1572 1204 non
1591 1145 1819 1221 fimens,

485 1242 727 1311 Arrepto
748 1227 904 1302 fuste,
927 1227 1125 1310 pulsat,
1152 1246 1209 1289 et
1225 1232 1393 1309 abigit
1408 1228 1596 1290 domo.

577 1328 773 1392 Amor,
792 1337 984 1376 caecus
1008 1337 1165 1376 amor
1174 1319 1448 1396 extinguit
1462 1316 1834 1397 prudentiam,

488 1404 774 1489 Ipsamque
790 1403 985 1465 deinde
1000 1403 1375 1466 fortitudinem
1392 1404 1607 1466 domat.

1174 1586 1368 1641 xvn.

836 1760 1101 1826 Cutzx,
1128 1759 1284 1832 Lao,
1311 1773 1389 1815 ετ
1417 1760 1722 1816 Annum.

674 1849 830 1922 Eque
845 1864 949 1921 ego
967 1858 1022 1902 te
1042 1846 1230 1917 timeo,
1253 1863 1432 1923 neque
1448 1864 1534 1903 me
1547 1842 1747 1903 fortior
1767 1863 1852 1920 es,
1874 1845 1955 1905 ait

492 1854 664 2007 N
721 1932 900 1990 Culex
916 1934 1089 1989 Leoni
1106 1953 1125 1989 ε
1154 1947 1287 1990 tune
1301 1947 1563 1990 terrorem
1586 1932 1725 1991 mihi

486 2027 743 2080 Incutere
763 2018 972 2091 credaS,
997 2038 1151 2077 exeo
1175 2019 1326 2096 quod
1353 2019 1628 2095 unguibus

482 2112 746 2166 Lacerare
762 2108 936 2180 noris»,
956 2103 1318 2185 dentibusque
1334 2105 1579 2165 laedere?

481 2202 603 2269 Age
616 2214 749 2254 vero
767 2193 832 2251 ad
851 2213 1086 2272 pugnam
1109 2212 1258 2252 nunc
1273 2195 1577 2267 veniamus,
1598 2190 1637 2253 fi
1652 2192 1828 2255 lubet.

480 2282 643 2340 Dixit
659 2304 677 2350 ;
703 2279 962 2357 fimulque
976 2281 1172 2340 cecinit
1190 2279 1465 2340 animosus
1484 2282 1646 2353 tuba;

483 2365 762 2446 Simulque
784 2365 1008 2425 inhaesit
1025 2368 1249 2426 naribus
1273 2366 1587 2440 adversarii,

485 2461 790 2533 Cutemque
808 2471 1047 2513 teneram
1074 2456 1304 2534 pupugit
1328 2456 1695 2534 pertinaciter.

485 2548 604 2602 Leo
622 2540 854 2601 furiosus
883 2543 1157 2618 unguibus
1181 2544 1441 2621 proprios
1457 2541 1551 2601 fibi

483 2629 727 2689 Dilaniat
743 2644 919 2702 artus,
938 2627 1118 2687 donec
1133 2630 1405 2689 exanimis
1428 2628 1607 2689 cadat.

481 2725 648 2776 Suum
669 2714 922 2796 superbus
947 2732 1077 2775 tunc
1099 2717 1273 2775 vidior
1287 2716 1580 2795 epinicium

484 2804 636 2864 Idem
655 2802 764 2881 ipse
786 2805 1005 2861 tubicen
1022 2800 1344 2882 personans,
1366 2805 1495 2863 hinc
1509 2799 1693 2864 avolat
1707 2824 1727 2863 e

484 2898 690 2950 Verum
714 2891 968 2948 tenuibus
991 2909 1127 2948 mox
1148 2887 1253 2948 filis
1278 2898 1517 2950 Araneae

482 2976 810 3057 ImplicituS,
840 2978 1008 3036 vitam
1027 2973 1313 3052 gloriosam
1339 2975 1506 3048 finiit,

481 3070 838 3137 Lamentans,
865 3063 1068 3123 hostem
1085 3063 1237 3143 quod
1255 3067 1348 3142 qui
1370 3081 1582 3124 tantum
1601 3064 1833 3141 vicerat,

475 3158 644 3213 Nunc
658 3153 726 3211 ab
740 3153 1019 3212 animante
1041 3151 1255 3213 tantula
1271 3150 1431 3213 ferret
1453 3172 1664 3212 necem.
