2226 3644
480 289 584 352 ηε
757 281 1282 336 FABULARUM
1321 276 1881 344 aesomnium

1206 466 1371 522 XIV.

589 643 879 702 sunan
901 643 1051 699 Aux
1065 650 1276 710 rurus,
1289 632 1401 696 five
1416 639 2024 724 Muscr3Rzoutua,
2063 653 2069 658 “

1034 742 1113 782 ετ
1143 728 1574 786 Tuos-murs,
2067 736 2072 737 ⁷

447 854 458 866 -
505 811 783 930 AEstate
804 808 978 871 media
991 808 1084 871 sex
1099 808 1414 869 anhelantes
1428 813 1559 892 equi

647 907 880 961 Currum
905 898 1214 971 trahebant,
1236 896 1559 978 aridumque
1572 914 1637 959 ut
1653 916 1775 962 erat
1787 901 1991 986 solum,

507 989 745 1049 Multam
761 987 1003 1046 excitato
1024 985 1253 1065 pulvere
1268 987 1590 1047 umbrabant
1601 986 1770 1050 diem.

505 1080 763 1137 Temone
782 1076 845 1134 in
867 1069 984 1145 ipso
1004 1074 1184 1131 tenuis
1206 1074 1412 1132 interea
1427 1071 1639 1150 sedens,

504 1171 557 1224 Ο
575 1178 842 1246 quantus,
864 1160 1048 1238 inquit
1069 1156 1276 1234 Musca,
1297 1161 1493 1239 premit
1506 1179 1681 1242 equos
1694 1160 1875 1243 labor,

503 1247 862 1328 quantusque
875 1243 1038 1305 sudor
1053 1247 1265 1323 irrigat,
1286 1248 1416 1306 dum
1443 1267 1531 1306 me
1553 1253 1810 1311 trabunt!

501 1341 589 1399 Sic
600 1333 933 1420 praevalenti
952 1329 1225 1392 confidere
1239 1355 1363 1393 eum
1379 1336 1499 1394 vult
1510 1338 1678 1412 trabe,

500 1433 656 1506 Qae
677 1425 920 1504 quinque
940 1417 1130 1480 crassas
1152 1418 1309 1480 facile
1330 1419 1579 1481 sustineat
1600 1426 1801 1504 bevez,

504 1511 732 1575 Pufillus
748 1509 862 1578 me,
883 1528 955 1568 ex
971 1508 1158 1567 alitum
1178 1522 1341 1585 gente
1358 1507 1567 1584 infima,
1851 1514 1858 1519 “

504 1607 815 1661 Praetentat
835 1595 1004 1669 illam,
1025 1592 1365 1671 subfiliendo,
1390 1596 1653 1675 ReguluS,

502 1686 705 1749 similis
724 1684 962 1757 timenti,
984 1680 1123 1742 ferre
1140 1680 1192 1741 se
1216 1703 1288 1742 ne
1302 1702 1418 1741 non
1437 1698 1620 1762 queat.

496 1776 697 1856 sicque
710 1768 1011 1853 impudenti
1021 1767 1397 1830 Troffulorum
1411 1768 1479 1829 de
1493 1790 1679 1853 grege,

499 1864 736 1942 Aliquis,
753 1861 991 1939 ineptus,
1012 1856 1337 1916 administris
1358 1857 1552 1938 imperi

500 1956 696 2010 Creare
709 1946 940 2007 multum
956 1941 1007 2004 se
1019 1946 1226 2022 negot-ii
1243 1959 1423 2024 putat,

497 2043 599 2119 At,
625 2034 716 2097 ille
727 2035 905 2111 vivat,
925 2052 999 2094 an
1014 2032 1189 2108 secus,
1208 2033 1266 2090 hi
1282 2030 1362 2090 nil
1375 2027 1635 2094 sentiunt.

1635 1518 1688 1530 f

1196 2212 1330 2267 XV.

857 2386 1134 2443 Avnuts
1164 2398 1251 2440 Ετ
1272 2386 1703 2444 Tar-:sannun-

682 2464 982 2530 Hesaurum
1002 2474 1219 2527 Avarus
1234 2465 1368 2528 foffa
1385 2468 1701 2531 condiderat
1719 2470 1929 2548 humo;

671 2587 681 2609 ι
723 2560 901 2634 Qem
925 2552 1284 2614 subodoratus
1299 2556 1606 2618 clanculum
1630 2556 1719 2617 sur
1739 2555 1970 2626 sustulit.
2048 2595 2053 2600 ·

497 2647 647 2719 Ergo
666 2642 759 2702 ille
783 2640 1017 2716 rediens,
1037 2662 1269 2702 vacuum
1293 2657 1353 2702 ut
1375 2645 1587 2704 invenit
1609 2644 1820 2722 locum,

398 2779 404 2785 .
493 2737 706 2790 Sortem
716 2730 958 2789 execrari
971 2731 1155 2809 coepit
1169 2727 1369 2788 insanis
1384 2730 1586 2791 modis.

495 2822 649 2875 Tum
669 2816 884 2896 quidam
899 2813 1132 2894 sapiens,
1156 2815 1313 2894 quid,
1334 2820 1433 2893 ait,
1457 2816 1714 2878 incassum
1731 2817 1909 2885 furis?

494 2904 604 2961 Ubi
625 2903 838 2987 pondus
858 2905 971 2961 auri
989 2901 1157 2969 sterile
1171 2900 1450 2982 posueram,
1467 2904 1544 2965 ibi

496 2995 723 3072 Repone
737 2989 970 3073 lapidem
991 2992 1119 3065 ;tibi
1134 2989 1473 3068 tantumdem
1490 2991 1758 3075 proderit.
