2226 3644
414 230 551 289 ⁶4·
661 220 1808 281 FABULARUMAESOPIARUM.

414 315 628 380 Muscae
649 313 976 377 advolantes
1006 312 1288 374 subtilibus
1314 316 1514 376 aculeis

409 406 685 482 Adfligere
700 419 935 463 certant.
984 410 1163 478 Quam
1189 401 1385 462 videns
1412 407 1745 469 Herinaciua

411 494 658 565 Parabat,
680 493 885 573 quippe
900 507 1083 549 motus
1100 486 1486 567 misericordia,

411 579 583 640 Malas
598 579 813 657 abigere
837 577 1125 648 volucre83
1153 573 1245 634 illa
1262 574 1347 635 sed
1366 581 1595 654 abnuit;

411 673 675 746 Meoque,
698 666 865 739 dixit,
889 668 1020 724 haec
1037 666 1153 741 jam
1178 662 1372 743 plenae
1396 665 1662 746 sanguine

408 762 639 817 Parvam
654 774 838 815 creare
862 750 1079 833 poffunt
1093 752 1226 810 mihi
1245 751 1540 814 molestiam
1555 777 1577 829 ;

408 843 677 922 Aliaeque
698 843 898 902 abactis
912 838 1203 899 succedant
1220 837 1524 916 famelicae,

412 937 587 1008 Quae,
609 931 747 989 mihi
768 927 919 1010 quod
931 926 1203 1006 reliquum
1226 924 1505 1006 sanguinis
1525 925 1622 1000 est,
1663 934 2021 999 exhauriant.

1108 1106 1293 1163 XLII.

411 1288 731 1360 jum-ran,
761 1280 1134 1352 Mones-ru,
1168 1296 1249 1337 ετ
1275 1283 1629 1339 Vin-uras
1654 1297 2023 1350 οΑι-ττειυε.

580 1454 738 1511 Arias
756 1452 1009 1510 Virtutes
1036 1471 1159 1509 cum
1180 1449 1400 1512 ereasset
1421 1453 1659 1533 Jupiter,

410 1464 571 1616 V
621 1547 773 1617 Quae
797 1538 981 1598 dulces
1007 1540 1219 1598 homini
1234 1554 1289 1600 et
1304 1540 1460 1599 utiles
1475 1545 1707 1603 comites
1724 1542 1935 1627 forent,

406 1626 675 1688 Produxit
698 1625 944 1685 ultimam
970 1627 1216 1685 omnium
1237 1626 1554 1688 Modestiam
1570 1649 1590 1689 ε

408 1724 483 1774 At
508 1714 603 1795 ipfi
617 1717 677 1775 in
696 1715 920 1773 homine
939 1711 1088 1771 nulla
1102 1711 1249 1773 sedes
1272 1712 1345 1774 est
1370 1713 1527 1796 super

405 1803 632 1876 Relicta,
656 1822 820 1883 quam
838 1819 952 1860 non
967 1820 995 1859 e
1012 1798 1284 1861 sororibus
1299 1799 1405 1862 suis

406 1890 611 1968 Aliqua
627 1887 957 1969 occupaffett
985 1889 1137 1968 quod
1162 1890 1627 1964 animadvertens,
1649 1892 1750 1954 tibi

406 1979 627 2037 Nullam
646 1977 888 2058 quidem,
910 1977 1093 2056 inquit
1110 1979 1345 2055 Jupiter,
1368 1977 1545 2038 sedem
1562 1979 1693 2039 licet

405 2068 621 2125 Habere
645 2066 946 2145 propriam,
970 2066 1055 2123 his
1071 2068 1294 2123 caeteris
1316 2067 1532 2145 qualem
1549 2066 1706 2128 dedi:

404 2153 508 2211 Sed
527 2149 649 2211 istae
664 2154 877 2233 quoties
903 2153 1131 2211 emicare
1152 2154 1521 2231 incoeperint,

405 2245 496 2300 Te
513 2237 667 2298 fimul
683 2236 851 2299 adeffe
867 2241 1040 2317 jubeo
1055 2264 1074 2312 ·,
1103 2261 1173 2299 ne
1197 2241 1328 2319 quid
1347 2239 1604 2315 audeant,

404 2327 572 2406 Qod
590 2347 704 2387 non
730 2343 829 2386 tuo
852 2325 963 2405 ipsa
982 2347 1133 2387 more
1153 2327 1357 2387 blando
1371 2344 1664 2407 temperes.

492 2418 643 2476 Hinc
658 2411 825 2494 usque
841 2415 997 2474 laude
1013 2435 1140 2475 vera
1158 2419 1411 2475 Virtutes
1432 2415 1643 2494 carent,

407 2505 621 2582 Quibus
638 2501 900 2565 Modestia
915 2505 1149 2585 pretium
1176 2524 1295 2566 non
1310 2501 1538 2563 addidit.
