2226 3644
455 296 527 348 94
680 280 1213 336 FABULARUM
1253 276 1836 331 AESOPI'ARUM.

449 374 741 458 Hujusque
755 373 965 437 miseret
979 397 997 434 ε
1026 392 1162 452 ergo
1176 370 1314 430 ferre
1327 390 1489 453 opem
1505 384 1694 453 paratg

451 474 530 527 Et
543 465 807 524 effioecem
823 463 1164 542 diligentiam
1181 461 1380 538 incipit

448 551 621 614 Simul
643 553 895 612 adhibere
911 573 929 610 ε
949 549 1186 610 calcibus
1206 549 1406 626 partim
1422 546 1602 624 ejicit,

455 642 728 720 ‘seritque
744 642 965 718 partim,
990 636 1169 715 ficque
1182 633 1438 713 deprimit
1458 632 1637 692 lutum
1651 653 1675 705 ς

454 728 801 808 Facilemque
816 725 1035 785 demum
1058 724 1332 782 tramitem
1348 721 1491 780 Bovi
1513 719 1644 780 facit
1659 739 1678 777 ε

458 818 573 897 Qi
589 815 696 874 tale
713 829 901 891 gratus
915 811 1187 871 admirans
1201 806 1544 882 beneficium,

458 906 602 965 Satis
622 922 889 981 unquam,
911 898 1078 973 dixit,
1098 900 1303 956 hancce
1317 892 1737 955 misericordiam

462 987 713 1052 Laudare
725 986 934 1068 poffum
956 987 978 1045 ἓ
999 1006 1123 1044 nam
1148 981 1284 1064 quid
1300 999 1479 1042 autem
1503 996 1560 1039 te
1584 979 1809 1060 impulit

461 1085 541 1138 Ut
556 1098 643 1136 me
666 1077 976 1152 adjuvares,
998 1093 1122 1132 cum
1148 1072 1444 1151 propinqui
1460 1071 1624 1127 etiam
1642 1067 1757 1128 mei·

464 1173 562 1225 Me
577 1162 959 1241 derelinquant
981 1161 1166 1219 omnis
1180 1157 1370 1217 auxilii
1386 1156 1632 1234 indigum
1646 1155 1674 1213 ἓ

467 1258 663 1330 Equus
681 1250 894 1328 reponit
911 1270 928 1306 ε
953 1248 1191 1306 bibonis
1213 1243 1466 1303 videlicet

469 1339 652 1419 Usque
666 1336 944 1395 affluentes
962 1333 1093 1393 dum
1113 1335 1338 1407 vivunt,
1361 1330 1474 1390 sola
1486 1328 1597 1388 frui

471 1435 578 1485 Sua
591 1425 849 1484 beatitate
864 1436 1069 1481 norunt
1083 1444 1101 1492 ;
1124 1418 1197 1478 ast
1213 1438 1319 1495 ego

477 1512 693 1573 Miseris
707 1507 878 1571 adesse
892 1508 1059 1570 didici
1078 1505 1222 1567 haud
1238 1508 1462 1584 ignarus
1479 1502 1635 1565 mali.

1151 1684 1401 1743 XXVII.

933 1866 1106 1917 Pul-:R
1142 1875 1221 1914 ετ
1246 1861 1603 1913 Taocnus.

489 1953 792 2080 Sonante
807 1946 932 2006 loro
949 1946 1079 2004 dum
1096 1944 1387 2001 Trochum
1408 1940 1648 2015 exagitat
1667 1941 1832 2003 Puer,

622 2041 737 2093 Cur
753 2053 944 2112 cogor,
967 2033 1169 2110 inquit,
1197 2032 1357 2088 orbes
1374 2043 1457 2096 ut,
1472 2024 1658 2105 quales
1674 2020 1837 2097 volo,

485 2129 673 2196 Incas,
694 2136 805 2180 tam
823 2121 1012 2179 crebro
1027 2134 1082 2178 te
1099 2116 1297 2175 ferire?
1325 2119 1412 2176 cui
1428 2115 1690 2172 Trochus
1711 2131 1728 2166 ε

488 2213 697 2289 Nempe
711 2223 774 2267 ut
788 2207 887 2266 tibi
902 2208 1118 2266 animos
1133 2204 1324 2286 plagae
1340 2202 1494 2277 dant,
1520 2202 1597 2259 ita
1610 2213 1667 2258 et
1681 2195 1839 2258 mihi.

1142 2383 1419 2437 XXVIII.

873 2560 1023 2630 Leo,
1047 2557 1303 2625 Acuu‘s,
1330 2569 1409 2609 ετ
1438 2554 1690 2607 Εειινᾼ.

493 2651 777 2759 AGnum
793 2661 991 2703 vorare
1013 2640 1143 2698 dum
1162 2644 1282 2697 Leo
1306 2640 1591 2696 inventum
1620 2644 1796 2713 parat,

635 2738 766 2790 Non
780 2727 968 2812 procul
985 2730 1115 2785 hinc
1131 2726 1482 2783 accubantem
1499 2727 1731 2780 Cervam
1746 2713 2046 2799 conspicit5

494 2815 1013 2898 Simulque'praedae
1035 2811 1277 2873 melioris
1292 2809 1547 2889 cupidine

498 2907 780 2979 Pellectus„
804 2905 941 2985 petit
957 2904 1134 2968 hanc;
1163 2898 1439 2966 viliorem,
1461 2915 1624 2977 quam
1648 2908 1826 2970 tenet,

502 2992 747 3073 Respuit.
800 2999 878 3049 At
891 2990 1055 3066 hujus
1071 2994 1248 3045 Cerva
1270 2987 1547 3044 venientis
1572 2980 1710 3040 sono

504 3079 827 3149 Admonita,
849 3091 1136 3158 promptos
1152 3075 1210 3134 in
1234 3072 1398 3154 pedes
1416 3070 1467 3132 se
1483 3071 1746 3149 conjicit;
