2226 3644
499 254 602 323 111
628 254 812 308 nm.
877 254 1054 321 (χοι
1080 225 1357 316 urus.

822 440 1009 505 xL1..·

426 684 432 689 ,
479 650 493 674 ³
564 648 571 655 -
608 618 742 676 2801.
770 618 1196 679 nat-Noomin.
1287 670 1290 673 ,

239 710 417 781 oL1,
445 699 597 784 quod
619 702 740 782 ejus
764 699 1017 763 sustinere
1038 708 1258 766 Noctua
1287 728 1293 745 2

294 792 502 860 Κιάἰοε,
515 808 636 855 non
659 788 858 871 posset,
878 789 1078 853 fecerat
1094 792 1412 858 convicium
1422 818 1448 859 a

123 887 263 944 Non
276 902 389 956 me,
411 878 500 940 sed
513 876 730 954 oeulos,
754 878 847 938 sol
861 880 961 955 ait,
988 877 1152 960 eulpa
1165 896 1321 945 tuos.

214 977 455 1045 Caecus,
476 982 532 1028 et
545 967 767 1047 ineptus
779 963 907 1027 osor
926 964 1172 1047 quisquis
1184 966 1262 1030 est
1275 970 1460 1033 bonae

127 1057 520 1141 Antiquitatis,
539 1053 722 1123 nostra
731 1052 926 1117 fabella
939 1057 1090 1117 hunc
1102 1072 1312 1120 monet.

722 1250 727 1255 ·
829 1234 1112 1295 xnus
1229 1194 1235 1203 ’

381 1483 384 1487 .
500 1380 797 1475 Aurem
811 1425 929 1469 uss
955 1424 994 1466 ε
1006 1426 1047 1464 τ
1070 1410 1204 1469 Pu
1217 1376 1314 1469 us.

134 1491 243 1613 C
254 1498 309 1554 U
318 1498 381 1556 M
404 1489 457 1555 se
469 1493 682 1555 videret
694 1493 921 1574 pulchre
935 1509 1193 1555 ornatam
1207 1494 1455 1569 floribus,

1617 277 1726 329 107

295 1589 361 1642 Se
376 1584 609 1660 amabat,
636 1579 732 1642 fibi
749 1580 997 1662 placebat
1011 1582 1380 1662 Amygdalus,
1400 1601 1459 1648 et
1475 1591 1680 1671 Pyrum

132 1672 458 1750 Spemebat3
486 1686 549 1730 ut
563 1690 704 1750 quae
716 1672 963 1748 germina
980 1671 1083 1730 vix
1096 1672 1463 1750 protruderet.

132 1757 257 1828 Sed,
280 1756 627 1819 fraudulenta
650 1759 745 1838 qui
762 1754 1044 1818 recesserat
1057 1756 1208 1837 fuga,

134 1845 350 1926 Aquilo
367 1863 646 1907 revertens
669 1847 832 1906 flores
845 1846 1012 1925 hujus
1028 1845 1267 1922 abstulit,

132 1941 406 2014 Spemque
423 1933 577 1994 fimul
592 1954 816 1995 omnem
836 1932 1112 1994 fruetuum
1126 1932 1467 2015 disperdidit.

138 2029 321 2101 Pytna
344 2037 523 2082 autem
546 2023 613 2082 ab
635 2023 748 2083 acri
767 2036 938 2081 vento
955 2022 1036 2082 nil
1050 2020 1240 2083 damni
1254 2023 1350 2083 fibi

136 2114 365 2169 Paetum
380 2109 531 2171 fuiss'e
545 2129 801 2188 cer-nens„
829 2111 961 2171 hinc
976 2111 1144 2170 etiam
1163 2110 1337 2190 magis
1340 2154 1368 2190 ,

138 2198 235 2256 Sui
254 2198 483 2256 emicare
503 2199 665 2257 flores
687 2216 759 2270 ne
770 2213 1084 2277 properent,
1104 2213 1284 2259 cavet.

232 2287 532 2362 Sententia,
550 2284 649 2344 illo
673 2303 812 2363 quae
833 2282 928 2343 sub
950 2283 1209 2366 exemplo
1232 2284 1386 2363 latet,

62 2436 67 2443 ,
141 2374 289 2436 Mihi
303 2371 632 2453 explicanda
653 2372 820 2452 paulo
843 2371 1091 2451 pluribus
1107 2375 1285 2434 venit.

145 2466 292 2521 Nam
316 2473 499 2519 tenera
516 2459 725 2519 fructus
747 2478 890 2539 quos
908 2462 1171 2520 emittunt
1190 2461 1489 2541 primulum

145 2549 397 2625 Ingenia,
417 2549 580 2608 flores
593 2548 774 2606 verius
792 2550 1075 2607 vocaveris
1090 2569 1108 2608 t

149 2639 275 2696 Hos
293 2651 474 2694 autem
498 2636 666 2694 nimia
691 2634 939 2694 celeritas
955 2632 991 2694 fi
1010 2632 1279 2715 proferat,

146 2721 390 2782 Censura
405 2721 569 2782 tristis
585 2721 907 2803 plerumque
927 2717 1081 2802 super
1097 2724 1329 2800 ingruit,

148 2809 485 2891 Meffemque
499 2824 656 2870 aceto
669 2808 942 2870 defricans
957 2810 1101 2871 male
1124 2829 1466 2891 praecocem,

148 2897 444 2958 Feliciores
458 2895 663 2967 foetus,
686 2896 722 2958 fi
739 2899 836 2979 qui
852 2896 969 2957 fors
991 2911 1153 2958 erant

147 2986 392 3048 Subinde
408 2985 795 3067 progignendi,
817 3005 889 3048 ne
910 3000 1220 3068 erumpant,
1241 3000 1414 3049 vetat.
