2226 3644
479 254 553 300 60
721 252 1255 302 FABULARUM
1292 252 1854 313 AESOPIARUM

1152 438 1400 493 XXXV.

769 615 1225 669 vesum-xmo
1254 627 1336 666 Ετ
1359 612 1735 675 Musa-nme.

607 699 740 772 UC,
767 696 898 756 illuc
915 712 1118 754 temere
1138 694 1267 754 dum
1286 694 1463 771 volat,
1485 697 1602 758 casu
1619 704 1808 765 evenit

642 789 719 842 Ut
742 787 801 843 in
822 782 1076 842 Mustelae
1091 781 1281 841 nidum
1306 781 1639 863 Vespertilio

467 874 671 947 Irruat,
693 874 753 930 in
778 870 1003 951 ipsoque
1025 872 1273 950 capiatur
1295 871 1522 948 impetu.

466 961 622 1018 Haec
637 976 842 1028 autem,
869 959 1064 1017 acerbo
1089 957 1354 1035 quoniam
1369 975 1526 1019 erant
1541 981 1741 1025 omnes
1756 963 1856 1029 fibi

466 1047 615 1106 odio
636 1045 909 1120 volantes,
940 1045 1009 1104 fic
1026 1046 1158 1118 mei,
1182 1046 1388 1123 inquit,
1410 1051 1607 1108 caeteri

465 1133 664 1195 Hostes
678 1135 856 1214 perire
873 1133 1067 1213 possint
1090 1151 1305 1212 precor,
1330 1149 1391 1191 ut
1404 1148 1463 1192 tu
1486 1136 1657 1197 modo

463 1223 705 1284 Peribis!
733 1219 1093 1301 praedamque
1116 1219 1267 1278 {imul
1285 1236 1450 1279 vexat
1470 1227 1777 1301 unguibuS,

463 1317 551 1370 Ac
572 1307 838 1367 devorare
853 1308 969 1384 jam
993 1320 1169 1388 parat.
1216 1307 1517 1368 Periculum

463 1394 728 1457 Pei-sentit
744 1395 865 1468 ille;
893 1393 1053 1475 seque
1065 1414 1297 1462 murem,
1320 1415 1438 1454 non
1463 1417 1621 1458 avem

460 1481 719 1544 Testatur
734 1479 869 1555 effe3
895 1502 1132 1562 cumque
1148 1479 1347 1541 fecisset
1370 1482 1556 1558 fidem,

459 1569 741 1640 Abeundi,
763 1589 878 1649 quo
894 1569 1174 1650 placuerit,
1192 1569 1413 1629 libertas
1430 1571 1615 1631 datur.

457 1658 563 1719 Sed
587 1657 715 1717 inde
734 1655 914 1728 (tanta
925 1654 999 1716 est
1019 1658 1139 1734 ejus
1163 1657 1528 1736 imprudentia
1546 1663 1599 1735 Ξ)

458 1753 527 1808 In
553 1747 713 1808 aliam
731 1742 935 1820 rursus,
969 1765 1072 1803 nec
1087 1743 1263 1803 multo
1281 1744 1420 1824 post,
1445 1748 1642 1807 incidit

457 1832 773 1908 Mustelam,
790 1836 1001 1892 cunctis
1025 1834 1268 1891 muribus
1284 1852 1421 1911 quae
1444 1838 1681 1894 maxime

458 1920 604 1982 Effet
627 1922 877 1980 inimica:
903 1920 1164 2000 quodque
1186 1923 1420 1979 murium
1437 1923 1496 1980 in
1519 1943 1695 2001 genus

454 2011 599 2070 Mihi
617 2006 791 2069 fervet
812 2008 1027 2082 odium,
1052 2022 1228 2065 morte
1249 2010 1495 2086 protinus
1523 2027 1618 2070 tua

453 2097 744 2164 solaberis,
769 2096 865 2154 ait.
914 2102 991 2153 At
1008 2095 1133 2173 quis
1151 2114 1302 2153 error
1326 2110 1380 2153 te
1395 2098 1593 2172 malus,

453 2182 818 2265 Reponitille,
840 2181 1078 2261 decipit?
1105 2201 1257 2252 cave,
1281 2179 1529 2259 obsecre,

451 2279 543 2335 Ne
562 2289 751 2352 pecces
774 2268 829 2327 id
843 2268 994 2347 quod
1012 2267 1190 2349 postea
1205 2266 1487 2344 infectum,
1512 2269 1690 2348 soror,

450 2358 715 2418 Volueris
732 2355 948 2415 frustra:
974 2376 1092 2414 non
1111 2376 1215 2434 ego
1234 2355 1371 2428 sum,
1396 2377 1559 2438 quem
1575 2374 1633 2417 tu
1657 2374 1846 2440 putas,

449 2445 667 2525 Aliquis
685 2444 753 2503 de
774 2458 935 2521 gente
949 2445 1183 2501 murium
1212 2442 1529 2503 infestissima
1546 2468 1564 2505 t

449 2533 599 2594 Male
621 2551 802 2590 mures
819 2546 1043 2610 pereant
1063 2554 1080 2601 ;
1105 2532 1258 2589 vivat
1274 2532 1456 2591 avium
1473 2553 1639 2610 gens:
1665 2534 1787 2594 avis

447 2626 571 2697 Ego
592 2618 703 2678 sum
721 2640 737 2688 ς
768 2616 918 2696 quod
933 2619 1052 2690 alis,
1075 2615 1270 2696 aspice,
1290 2638 1358 2675 en
1376 2622 1512 2678 meis
1529 2622 1629 2679 tibi

447 2710 683 2770 Probare
704 2702 932 2785 poffum.
983 2703 1238 2763 Mustelae
1255 2709 1385 2765 haec
1407 2709 1586 2765 oratio

443 2792 691 2857 Honesta
712 2789 822 2852 visa
837 2790 943 2864 est;
968 2788 1148 2871 ficque
1162 2790 1627 2872 praesentissimam

413 2893 423 2901 ‘
445 2880 626 2945 Evafit
641 2882 834 2938 iterum
850 2878 1177 2957 Vesper-tilio
1206 2899 1412 2939 necem.

532 2973 682 3027 Haec
698 2967 813 3025 vita
827 2957 1031 3043 fragilia
1047 2968 1329 3043 ingenium
1349 2966 1626 3042 versabile,

442 3059 802 3136 variumque,
831 3057 998 3114 variis
1013 3074 1120 3134 pro
1133 3051 1373 3135 periclis»,
1396 3058 1625 3137 expetit.
