2226 3644
529 235 840 286 LIBER
916 235 1321 288 PRIMUS.

838 417 1037 475 xvn.

724 590 786 647 Μ
798 605 838 647 u
849 607 885 647 ι
894 604 932 647 a
948 605 976 648 s
1011 606 1050 647 n
1061 606 1103 649 u
1112 607 1180 648 ο.

136 673 542 812 MUscipula
554 672 770 738 dulcem
782 673 923 735 lardi
937 673 1124 735 fatalis
1138 673 1334 737 dolum

328 763 728 839 Praetendens,
756 764 938 822 Muris
954 763 1274 825 aviditatem
1289 762 1615 831 accenderat

136 855 359 914 Potenti
376 853 661 926 illecebra3
687 865 748 911 ut
762 851 938 912 victus
953 850 1043 911 ille
1056 851 1296 932 denique

138 948 406 1017 Irrueret,
429 959 674 1019 moxque
687 954 881 1018 captus
900 938 1300 1017 ingemisceret.

139 1037 302 1090 Suam
323 1049 464 1106 ergo
488 1026 686 1087 sortem
700 1026 831 1087 dum
850 1025 1179 1089 lamentatur
1191 1025 1372 1104 miser,

144 1120 365 1199 Quippe
380 1115 484 1177 fibi
504 1114 711 1176 nullam
727 1111 872 1194 spem
892 1113 1078 1175 salutis
1094 1116 1214 1194 jam
1236 1115 1438 1180 videus

141 1201 454 1286 supereffe3
505 1208 634 1263 Mus
650 1201 888 1277 severus,
911 1218 966 1262 et
989 1203 1292 1265 retorridus

143 1297 264 1354 Hac
278 1292 431 1352 forte
450 1288 665 1364 tranfit,
686 1305 765 1365 et,
791 1290 989 1350 merito
1004 1307 1148 1352 eerte
1169 1307 1290 1362 tu0,

148 1381 328 1457 Quod
346 1400 505 1439 nunc
517 1378 791 1459 deploras,
810 1379 1016 1459 inquit,
1035 1380 1238 1456 obtigit
1256 1378 1463 1454 malum
1477 1403 1497 1441 ε

147 1474 268 1547 Ego
284 1468 513 1548 quidem
535 1466 656 1545 jam
676 1463 810 1525 olim
823 1466 1026 1526 centies
1041 1466 1308 1546 ejusmodi

151 1558 294 1616 Mihi
314 1553 691 1615 fraudulentas
711 1552 953 1615 videram
976 1555 1150 1633 objici
1169 1555 1371 1637 dape„

154 1642 251 1704 Sed
265 1647 491 1703 animus
506 1640 715 1723 semper
730 1643 1037 1718 abhorruit,
1063 1644 1464 1723 quantamlibet

150 1732 282 1792 Illae
294 1733 607 1793 excitarent
621 1731 990 1811 appetentiam
1013 1729 1089 1790 sui
1108 1753 1128 1790 ε

156 1820 320 1880 Enim
341 1816 589 1901 profe&o
603 1819 781 1898 capite
798 1815 893 1878 sub
907 1820 1016 1879 hoc
1038 1817 1226 1879 nostro
1246 1817 1399 1897 viget

156 1907 360 1988 Aliqua
382 1904 612 1966 scintilla
632 1904 814 1967 sensus
837 1921 892 1967 et
912 1905 1262 1987 prudentiae:

160 1998 413 2056 Rationis
429 2009 615 2053 autem
629 2013 798 2074 quam
819 1991 886 2053 fis
899 1998 1081 2054 omnis
1093 1994 1340 2072 indigus,

160 2083 423 2142 Futilibus
437 2098 620 2156 antea,
642 2078 983 2160 indoctisque
1002 2082 1252 2141 moribus

162 2175 257 2229 Tu
278 2189 541 2251 perquam
560 2171 792 2231 nimium
811 2167 965 2248 saepe
977 2167 1093 2246 jam
1113 2169 1468 2251 probaveras.

164 2263 283 2319 Heu
300 2279 388 2318 me
408 2263 423 2317 !
454 2258 670 2337 reponit
683 2257 841 2332 alter,
866 2254 1255 2335 quodcumque
1272 2256 1598 2336 exprobrata,

166 2351 375 2405 Fet-rem
399 2346 654 2417 libenter,
675 2342 715 2402 fi
735 2346 870 2403 meis
888 2346 1045 2403 malis
1060 2341 1212 2402 fimul

167 2440 336 2495 Dares
358 2429 666 2505 medelamg
697 2428 785 2492 sed
798 2445 860 2491 tu
887 2451 1013 2491 eum
1034 2433 1173 2491 nihil
1187 2449 1358 2512 queas

170 2519 443 2593 Prodesse;
478 2520 641 2594 dure,
657 2539 759 2578 cur
773 2521 880 2580 tuis
899 2520 1168 2580 conviciis

172 2613 329 2670 Hane
343 2607 587 2669 nostram
605 2603 799 2668 frustra
818 2606 1178 2668 calamitatem
1193 2601 1473 2686 exasperas
1488 2603 1512 2664 ἓ

1689 240 1770 302 ῖς
