<?xml version="1.0" encoding="UTF-8"?>
<!DOCTYPE html PUBLIC "-//W3C//DTD XHTML 1.0 Transitional//EN"
    "http://www.w3.org/TR/xhtml1/DTD/xhtml1-transitional.dtd">
<html xmlns="http://www.w3.org/1999/xhtml" xml:lang="en" lang="en">
 <head>
  <title>
</title>
<meta http-equiv="Content-Type" content="text/html;charset=utf-8" />
  <meta name='ocr-system' content='tesseract 3.04.00' />
  <meta name='ocr-capabilities' content='ocr_page ocr_carea ocr_par ocr_line ocrx_word'/>
</head>
<body>
  <div class='ocr_page' id='page_1' title='image "./fabularumaesopi00desbgoog_0115.png"; bbox 0 0 2226 3644; ppageno 0'>
   <div class='ocr_carea' id='block_1_1' title="bbox 380 236 1345 301">
    <p class='ocr_par' dir='ltr' id='par_1_1' title="bbox 380 236 1345 301">
     <span class='ocr_line' id='line_1_1' title="bbox 380 236 1345 301; baseline -0.006 -8"><span class='ocrx_word' id='word_1_1' title='bbox 380 240 384 248; x_wconf 88' lang='lat'>·</span> <span class='ocrx_word' id='word_1_2' title='bbox 484 239 789 292; x_wconf 75' lang='lat' dir='ltr'>LIBER</span> <span class='ocrx_word' id='word_1_3' title='bbox 869 236 1345 301; x_wconf 68' lang='lat' dir='ltr'><strong>QUIN-rus.</strong></span> 
     </span>
    </p>
   </div>
   <div class='ocr_carea' id='block_1_2' title="bbox 577 406 1262 480">
    <p class='ocr_par' dir='ltr' id='par_1_2' title="bbox 577 406 1262 480">
     <span class='ocr_line' id='line_1_2' title="bbox 577 406 1262 480; baseline -0.01 1"><span class='ocrx_word' id='word_1_4' title='bbox 577 406 1129 480; x_wconf 76' lang='lat' dir='ltr'>FABULA</span> <span class='ocrx_word' id='word_1_5' title='bbox 1206 412 1262 475; x_wconf 92' lang='lat'><strong>1.</strong></span> 
     </span>
    </p>
   </div>
   <div class='ocr_carea' id='block_1_3' title="bbox 135 594 1582 1547">
    <p class='ocr_par' dir='ltr' id='par_1_3' title="bbox 268 594 1467 757">
     <span class='ocr_line' id='line_1_3' title="bbox 309 594 1099 673; baseline -0.004 -23"><span class='ocrx_word' id='word_1_6' title='bbox 309 664 313 673; x_wconf 34' lang='grc'><strong>,</strong></span> <span class='ocrx_word' id='word_1_7' title='bbox 745 594 941 649; x_wconf 74' lang='lat' dir='ltr'>CAME</span> <span class='ocrx_word' id='word_1_8' title='bbox 955 607 1099 650; x_wconf 68' lang='lat' dir='ltr'><strong>Lus.</strong></span> 
     </span>
     <span class='ocr_line' id='line_1_4' title="bbox 268 672 1467 757; baseline -0.007 -13"><span class='ocrx_word' id='word_1_9' title='bbox 268 683 497 744; x_wconf 69' lang='lat' dir='ltr'><strong>rRimum</strong></span> <span class='ocrx_word' id='word_1_10' title='bbox 520 692 584 738; x_wconf 89' lang='lat' dir='ltr'><strong>ut</strong></span> <span class='ocrx_word' id='word_1_11' title='bbox 609 675 863 737; x_wconf 77' lang='lat' dir='ltr'><strong>Camelua</strong></span> <span class='ocrx_word' id='word_1_12' title='bbox 888 675 1037 736; x_wconf 76' lang='lat' dir='ltr'><strong>visus</strong></span> <span class='ocrx_word' id='word_1_13' title='bbox 1064 672 1163 750; x_wconf 90' lang='lat' dir='ltr'><strong>est,</strong></span> <span class='ocrx_word' id='word_1_14' title='bbox 1190 676 1467 757; x_wconf 86' lang='lat' dir='ltr'><strong>perterriti</strong></span> 
     </span>
    </p>

    <p class='ocr_par' dir='ltr' id='par_1_4' title="bbox 135 763 1582 1375">
     <span class='ocr_line' id='line_1_5' title="bbox 318 763 1582 847; baseline -0.004 -17"><span class='ocrx_word' id='word_1_15' title='bbox 318 769 623 847; x_wconf 85' lang='lat' dir='ltr'><strong>Fugiebant</strong></span> <span class='ocrx_word' id='word_1_16' title='bbox 644 766 933 825; x_wconf 80' lang='lat' dir='ltr'><strong>homines:</strong></span> <span class='ocrx_word' id='word_1_17' title='bbox 961 763 1290 844; x_wconf 85' lang='lat' dir='ltr'>procedente</span> <span class='ocrx_word' id='word_1_18' title='bbox 1312 779 1582 846; x_wconf 87' lang='lat' dir='ltr'><strong>tempore,</strong></span> 
     </span>
     <span class='ocr_line' id='line_1_6' title="bbox 135 849 1311 930; baseline -0.007 -12"><span class='ocrx_word' id='word_1_19' title='bbox 135 856 652 920; x_wconf 76' lang='lat' dir='ltr'><strong>Animadvertentes</strong></span> <span class='ocrx_word' id='word_1_20' title='bbox 675 853 796 930; x_wconf 76' lang='lat' dir='ltr'><strong>ejus</strong></span> <span class='ocrx_word' id='word_1_21' title='bbox 818 849 1311 927; x_wconf 87' lang='lat' dir='ltr'><strong>mansuetudinem,</strong></span> 
     </span>
     <span class='ocr_line' id='line_1_7' title="bbox 136 938 1404 1015; baseline -0.005 -10"><span class='ocrx_word' id='word_1_22' title='bbox 136 947 293 1006; x_wconf 87' lang='lat' dir='ltr'><strong>Adeo</strong></span> <span class='ocrx_word' id='word_1_23' title='bbox 313 941 503 1008; x_wconf 87' lang='lat' dir='ltr'><strong>confifi</strong></span> <span class='ocrx_word' id='word_1_24' title='bbox 521 940 669 1015; x_wconf 82' lang='lat' dir='ltr'><strong>sunt,</strong></span> <span class='ocrx_word' id='word_1_25' title='bbox 693 956 752 999; x_wconf 93' lang='lat' dir='ltr'><strong>ut</strong></span> <span class='ocrx_word' id='word_1_26' title='bbox 770 939 839 999; x_wconf 87' lang='lat' dir='ltr'><strong>ad</strong></span> <span class='ocrx_word' id='word_1_27' title='bbox 856 939 1008 999; x_wconf 89' lang='lat' dir='ltr'><strong>illum</strong></span> <span class='ocrx_word' id='word_1_28' title='bbox 1033 938 1350 999; x_wconf 83' lang='lat' dir='ltr'><strong>accederent</strong></span> <span class='ocrx_word' id='word_1_29' title='bbox 1364 960 1404 1015; x_wconf 57' lang='grc' dir='ltr'><strong>εῚ</strong></span> 
     </span>
     <span class='ocr_line' id='line_1_8' title="bbox 136 1026 1331 1110; baseline -0.005 -17"><span class='ocrx_word' id='word_1_30' title='bbox 136 1034 233 1093; x_wconf 87' lang='lat' dir='ltr'><strong>Sed</strong></span> <span class='ocrx_word' id='word_1_31' title='bbox 250 1037 346 1096; x_wconf 89' lang='lat' dir='ltr'><strong>ubi</strong></span> <span class='ocrx_word' id='word_1_32' title='bbox 363 1043 683 1110; x_wconf 86' lang='lat' dir='ltr'><strong>cognorunt</strong></span> <span class='ocrx_word' id='word_1_33' title='bbox 699 1026 905 1087; x_wconf 88' lang='lat' dir='ltr'><strong>nullam</strong></span> <span class='ocrx_word' id='word_1_34' title='bbox 920 1042 1108 1086; x_wconf 85' lang='lat' dir='ltr'><strong>tantae</strong></span> <span class='ocrx_word' id='word_1_35' title='bbox 1121 1026 1331 1087; x_wconf 82' lang='lat' dir='ltr'>belluae</span> 
     </span>
     <span class='ocr_line' id='line_1_9' title="bbox 139 1116 1107 1194; baseline -0.011 -11"><span class='ocrx_word' id='word_1_36' title='bbox 139 1120 308 1183; x_wconf 85' lang='lat' dir='ltr'><strong>Ineffe</strong></span> <span class='ocrx_word' id='word_1_37' title='bbox 329 1121 526 1193; x_wconf 88' lang='lat' dir='ltr'><strong>bilem,</strong></span> <span class='ocrx_word' id='word_1_38' title='bbox 543 1116 614 1177; x_wconf 88' lang='lat' dir='ltr'><strong>fic</strong></span> <span class='ocrx_word' id='word_1_39' title='bbox 633 1135 749 1175; x_wconf 88' lang='lat' dir='ltr'><strong>eam</strong></span> <span class='ocrx_word' id='word_1_40' title='bbox 765 1116 1107 1194; x_wconf 85' lang='lat' dir='ltr'><strong>contemptui</strong></span> 
     </span>
     <span class='ocr_line' id='line_1_10' title="bbox 139 1201 1404 1283; baseline -0.007 -12"><span class='ocrx_word' id='word_1_41' title='bbox 139 1212 422 1283; x_wconf 85' lang='lat' dir='ltr'><strong>Habuere,</strong></span> <span class='ocrx_word' id='word_1_42' title='bbox 446 1220 508 1264; x_wconf 90' lang='lat' dir='ltr'><strong>ut</strong></span> <span class='ocrx_word' id='word_1_43' title='bbox 527 1207 688 1263; x_wconf 88' lang='lat' dir='ltr'><strong>etiam</strong></span> <span class='ocrx_word' id='word_1_44' title='bbox 701 1201 923 1262; x_wconf 83' lang='lat' dir='ltr'><strong>fraenos</strong></span> <span class='ocrx_word' id='word_1_45' title='bbox 938 1203 1014 1260; x_wconf 87' lang='lat' dir='ltr'><strong>illi</strong></span> <span class='ocrx_word' id='word_1_46' title='bbox 1039 1204 1404 1282; x_wconf 84' lang='lat' dir='ltr'><strong>imponerent,</strong></span> 
     </span>
     <span class='ocr_line' id='line_1_11' title="bbox 137 1289 1355 1375; baseline -0.007 -16"><span class='ocrx_word' id='word_1_47' title='bbox 137 1304 208 1359; x_wconf 92' lang='lat' dir='ltr'><strong>Et</strong></span> <span class='ocrx_word' id='word_1_48' title='bbox 228 1292 706 1372; x_wconf 83' lang='lat' dir='ltr'><strong>circumagendam</strong></span> <span class='ocrx_word' id='word_1_49' title='bbox 724 1292 907 1370; x_wconf 88' lang='lat' dir='ltr'><strong>pueris</strong></span> <span class='ocrx_word' id='word_1_50' title='bbox 930 1289 1207 1375; x_wconf 77' lang='lat' dir='ltr'><strong>traderent</strong></span> <span class='ocrx_word' id='word_1_51' title='bbox 1228 1290 1355 1351; x_wconf 78' lang='lat' dir='ltr'><strong>suis·</strong></span> 
     </span>
    </p>

    <p class='ocr_par' dir='ltr' id='par_1_5' title="bbox 220 1375 1367 1453">
     <span class='ocr_line' id='line_1_12' title="bbox 220 1375 1367 1453; baseline -0.004 -10"><span class='ocrx_word' id='word_1_52' title='bbox 220 1383 446 1445; x_wconf 85' lang='lat' dir='ltr'><strong>Fabella</strong></span> <span class='ocrx_word' id='word_1_53' title='bbox 468 1378 725 1453; x_wconf 87' lang='lat' dir='ltr'><strong>ostendit,</strong></span> <span class='ocrx_word' id='word_1_54' title='bbox 747 1375 862 1448; x_wconf 91' lang='lat' dir='ltr'><strong>usu,</strong></span> <span class='ocrx_word' id='word_1_55' title='bbox 893 1392 949 1436; x_wconf 89' lang='lat' dir='ltr'><strong>et</strong></span> <span class='ocrx_word' id='word_1_56' title='bbox 967 1375 1367 1438; x_wconf 87' lang='lat' dir='ltr'><strong>consuetudine</strong></span> 
     </span>
    </p>

    <p class='ocr_par' dir='ltr' id='par_1_6' title="bbox 141 1464 1253 1547">
     <span class='ocr_line' id='line_1_13' title="bbox 141 1464 1253 1547; baseline -0.01 -12"><span class='ocrx_word' id='word_1_57' title='bbox 141 1472 327 1540; x_wconf 75' lang='lat' dir='ltr'><strong>Minui</strong></span> <span class='ocrx_word' id='word_1_58' title='bbox 343 1472 590 1544; x_wconf 79' lang='lat' dir='ltr'><strong>timores,</strong></span> <span class='ocrx_word' id='word_1_59' title='bbox 611 1464 904 1547; x_wconf 84' lang='lat' dir='ltr'><strong>senfimque</strong></span> <span class='ocrx_word' id='word_1_60' title='bbox 919 1464 1253 1527; x_wconf 86' lang='lat' dir='ltr'><strong>evanescere.</strong></span> 
     </span>
    </p>
   </div>
   <div class='ocr_carea' id='block_1_4' title="bbox 905 1646 986 1702">
    <p class='ocr_par' dir='ltr' id='par_1_7' title="bbox 905 1646 986 1702">
     <span class='ocr_line' id='line_1_14' title="bbox 905 1646 986 1702; baseline 0.025 -2"><span class='ocrx_word' id='word_1_61' title='bbox 905 1646 986 1702; x_wconf 88' lang='lat'><strong>11.</strong></span> 
     </span>
    </p>
   </div>
   <div class='ocr_carea' id='block_1_5' title="bbox 141 1819 1593 2860">
    <p class='ocr_par' dir='ltr' id='par_1_8' title="bbox 141 1819 1593 2860">
     <span class='ocr_line' id='line_1_15' title="bbox 568 1819 1280 1877; baseline -0.008 -1"><span class='ocrx_word' id='word_1_62' title='bbox 568 1822 831 1877; x_wconf 64' lang='lat' dir='ltr'><strong>anroa</strong></span> <span class='ocrx_word' id='word_1_63' title='bbox 856 1833 936 1873; x_wconf 77' lang='lat' dir='ltr'><strong>ET</strong></span> <span class='ocrx_word' id='word_1_64' title='bbox 960 1819 1280 1874; x_wconf 68' lang='lat' dir='ltr'><strong>LAx‘mEs.</strong></span> 
     </span>
     <span class='ocr_line' id='line_1_16' title="bbox 141 1900 1381 2038; baseline -0.009 -68"><span class='ocrx_word' id='word_1_65' title='bbox 141 1914 349 2038; x_wconf 81' lang='lat' dir='ltr'>ISTI</span> <span class='ocrx_word' id='word_1_66' title='bbox 377 1926 465 1966; x_wconf 90' lang='lat' dir='ltr'><strong>me</strong></span> <span class='ocrx_word' id='word_1_67' title='bbox 479 1904 685 1986; x_wconf 83' lang='lat' dir='ltr'><strong>lapides</strong></span> <span class='ocrx_word' id='word_1_68' title='bbox 709 1901 888 1962; x_wconf 79' lang='lat' dir='ltr'><strong>hercle</strong></span> <span class='ocrx_word' id='word_1_69' title='bbox 904 1900 1208 1964; x_wconf 86' lang='lat' dir='ltr'><strong>conficiunt</strong></span> <span class='ocrx_word' id='word_1_70' title='bbox 1222 1901 1381 1978; x_wconf 74' lang='lat' dir='ltr'><strong>gravi</strong></span> 
     </span>
     <span class='ocr_line' id='line_1_17' title="bbox 240 1988 1552 2071; baseline -0.006 -14"><span class='ocrx_word' id='word_1_71' title='bbox 240 1998 480 2063; x_wconf 88' lang='lat' dir='ltr'><strong>Labore,</strong></span> <span class='ocrx_word' id='word_1_72' title='bbox 504 1992 830 2071; x_wconf 88' lang='lat' dir='ltr'><strong>cursumque</strong></span> <span class='ocrx_word' id='word_1_73' title='bbox 852 1992 1036 2065; x_wconf 82' lang='lat' dir='ltr'><strong>etiam,</strong></span> <span class='ocrx_word' id='word_1_74' title='bbox 1061 2009 1164 2048; x_wconf 89' lang='lat' dir='ltr'><strong>nec</strong></span> <span class='ocrx_word' id='word_1_75' title='bbox 1188 1988 1552 2064; x_wconf 78' lang='lat' dir='ltr'><strong>mediocriter,</strong></span> 
     </span>
     <span class='ocr_line' id='line_1_18' title="bbox 147 2074 1332 2164; baseline -0.009 -19"><span class='ocrx_word' id='word_1_76' title='bbox 147 2083 549 2164; x_wconf 75' lang='lat' dir='ltr'><strong>Praepediunt3</strong></span> <span class='ocrx_word' id='word_1_77' title='bbox 581 2078 742 2138; x_wconf 88' lang='lat' dir='ltr'><strong>talem</strong></span> <span class='ocrx_word' id='word_1_78' title='bbox 757 2099 854 2139; x_wconf 91' lang='lat' dir='ltr'><strong>cur</strong></span> <span class='ocrx_word' id='word_1_79' title='bbox 870 2075 1164 2137; x_wconf 86' lang='lat' dir='ltr'><strong>molestiam</strong></span> <span class='ocrx_word' id='word_1_80' title='bbox 1194 2074 1332 2145; x_wconf 79' lang='lat' dir='ltr'><strong>fere,</strong></span> 
     </span>
     <span class='ocr_line' id='line_1_19' title="bbox 148 2162 1317 2253; baseline -0.009 -20"><span class='ocrx_word' id='word_1_81' title='bbox 148 2173 351 2253; x_wconf 71' lang='lat' dir='ltr'><strong>Inquit</strong></span> <span class='ocrx_word' id='word_1_82' title='bbox 361 2173 564 2229; x_wconf 87' lang='lat' dir='ltr'><strong>Viator</strong></span> <span class='ocrx_word' id='word_1_83' title='bbox 586 2163 826 2225; x_wconf 82' lang='lat' dir='ltr'><strong>saxosam</strong></span> <span class='ocrx_word' id='word_1_84' title='bbox 843 2162 1109 2242; x_wconf 70' lang='lat' dir='ltr'><strong>ingressus</strong></span> <span class='ocrx_word' id='word_1_85' title='bbox 1134 2164 1278 2222; x_wconf 88' lang='lat' dir='ltr'><strong>viam</strong></span> <span class='ocrx_word' id='word_1_86' title='bbox 1296 2163 1317 2222; x_wconf 77' lang='lat'><em>2</em></span> 
     </span>
     <span class='ocr_line' id='line_1_20' title="bbox 149 2248 1474 2337; baseline -0.008 -18"><span class='ocrx_word' id='word_1_87' title='bbox 149 2257 431 2337; x_wconf 84' lang='lat' dir='ltr'><strong>Simulque</strong></span> <span class='ocrx_word' id='word_1_88' title='bbox 455 2255 683 2334; x_wconf 81' lang='lat' dir='ltr'><strong>lapides,</strong></span> <span class='ocrx_word' id='word_1_89' title='bbox 707 2266 988 2332; x_wconf 87' lang='lat' dir='ltr'><strong>quotquot</strong></span> <span class='ocrx_word' id='word_1_90' title='bbox 1013 2248 1253 2324; x_wconf 87' lang='lat' dir='ltr'><strong>obstant,</strong></span> <span class='ocrx_word' id='word_1_91' title='bbox 1275 2250 1474 2332; x_wconf 85' lang='lat' dir='ltr'><strong>incipit</strong></span> 
     </span>
     <span class='ocr_line' id='line_1_21' title="bbox 152 2336 1389 2420; baseline -0.007 -14"><span class='ocrx_word' id='word_1_92' title='bbox 152 2346 409 2419; x_wconf 87' lang='lat' dir='ltr'><strong>Tollere,</strong></span> <span class='ocrx_word' id='word_1_93' title='bbox 435 2359 490 2401; x_wconf 89' lang='lat' dir='ltr'><strong>et</strong></span> <span class='ocrx_word' id='word_1_94' title='bbox 505 2342 720 2420; x_wconf 86' lang='lat' dir='ltr'><strong>ejicere,</strong></span> <span class='ocrx_word' id='word_1_95' title='bbox 744 2355 798 2398; x_wconf 90' lang='lat' dir='ltr'><strong>et</strong></span> <span class='ocrx_word' id='word_1_96' title='bbox 822 2358 1122 2419; x_wconf 85' lang='lat' dir='ltr'><strong>expurgare</strong></span> <span class='ocrx_word' id='word_1_97' title='bbox 1140 2336 1389 2407; x_wconf 87' lang='lat' dir='ltr'><strong>limitem,</strong></span> 
     </span>
     <span class='ocr_line' id='line_1_22' title="bbox 149 2424 1265 2509; baseline -0.009 -16"><span class='ocrx_word' id='word_1_98' title='bbox 149 2432 393 2494; x_wconf 80' lang='lat' dir='ltr'><strong>Facilius</strong></span> <span class='ocrx_word' id='word_1_99' title='bbox 410 2449 567 2509; x_wconf 86' lang='lat' dir='ltr'><strong>agere</strong></span> <span class='ocrx_word' id='word_1_100' title='bbox 595 2449 703 2508; x_wconf 88' lang='lat' dir='ltr'><strong>qua</strong></span> <span class='ocrx_word' id='word_1_101' title='bbox 725 2425 828 2486; x_wconf 85' lang='lat' dir='ltr'><strong>sese</strong></span> <span class='ocrx_word' id='word_1_102' title='bbox 850 2424 1061 2506; x_wconf 85' lang='lat' dir='ltr'><strong>poffent</strong></span> <span class='ocrx_word' id='word_1_103' title='bbox 1077 2425 1265 2505; x_wconf 79' lang='lat' dir='ltr'><strong>pedes.</strong></span> 
     </span>
     <span class='ocr_line' id='line_1_23' title="bbox 154 2511 1505 2599; baseline -0.008 -19"><span class='ocrx_word' id='word_1_104' title='bbox 154 2520 257 2580; x_wconf 86' lang='lat' dir='ltr'><strong>Sed</strong></span> <span class='ocrx_word' id='word_1_105' title='bbox 283 2521 409 2599; x_wconf 84' lang='lat' dir='ltr'><strong>quis</strong></span> <span class='ocrx_word' id='word_1_106' title='bbox 425 2519 706 2577; x_wconf 89' lang='lat' dir='ltr'><strong>enimvero</strong></span> <span class='ocrx_word' id='word_1_107' title='bbox 720 2514 927 2574; x_wconf 68' lang='lat' dir='ltr'><strong>fructus</strong></span> <span class='ocrx_word' id='word_1_108' title='bbox 947 2516 1076 2573; x_wconf 91' lang='lat' dir='ltr'><strong>hinc</strong></span> <span class='ocrx_word' id='word_1_109' title='bbox 1093 2513 1309 2572; x_wconf 89' lang='lat' dir='ltr'><strong>demum</strong></span> <span class='ocrx_word' id='word_1_110' title='bbox 1329 2511 1505 2570; x_wconf 79' lang='lat' dir='ltr'><strong>redit?</strong></span> 
     </span>
     <span class='ocr_line' id='line_1_24' title="bbox 155 2599 1548 2686; baseline -0.006 -19"><span class='ocrx_word' id='word_1_111' title='bbox 155 2606 408 2686; x_wconf 88' lang='lat' dir='ltr'><strong>Duplum</strong></span> <span class='ocrx_word' id='word_1_112' title='bbox 430 2604 696 2677; x_wconf 87' lang='lat' dir='ltr'><strong>laborem,</strong></span> <span class='ocrx_word' id='word_1_113' title='bbox 728 2602 944 2682; x_wconf 87' lang='lat' dir='ltr'><strong>duplam</strong></span> <span class='ocrx_word' id='word_1_114' title='bbox 972 2603 1016 2659; x_wconf 90' lang='lat' dir='ltr'><strong>is</strong></span> <span class='ocrx_word' id='word_1_115' title='bbox 1036 2599 1303 2679; x_wconf 89' lang='lat' dir='ltr'><strong>impendit</strong></span> <span class='ocrx_word' id='word_1_116' title='bbox 1320 2619 1548 2658; x_wconf 88' lang='lat' dir='ltr'><strong>moram.</strong></span> 
     </span>
     <span class='ocr_line' id='line_1_25' title="bbox 243 2684 1593 2771; baseline -0.007 -16"><span class='ocrx_word' id='word_1_117' title='bbox 243 2696 522 2755; x_wconf 86' lang='lat' dir='ltr'><strong>Homines</strong></span> <span class='ocrx_word' id='word_1_118' title='bbox 548 2695 656 2752; x_wconf 89' lang='lat' dir='ltr'><strong>hoc</strong></span> <span class='ocrx_word' id='word_1_119' title='bbox 676 2689 847 2771; x_wconf 87' lang='lat' dir='ltr'><strong>saepe,</strong></span> <span class='ocrx_word' id='word_1_120' title='bbox 872 2687 1234 2749; x_wconf 85' lang='lat' dir='ltr'><strong>sufferendum</strong></span> <span class='ocrx_word' id='word_1_121' title='bbox 1258 2686 1406 2766; x_wconf 90' lang='lat' dir='ltr'><strong>quod</strong></span> <span class='ocrx_word' id='word_1_122' title='bbox 1429 2684 1593 2759; x_wconf 88' lang='lat' dir='ltr'><strong>foret,</strong></span> 
     </span>
     <span class='ocr_line' id='line_1_26' title="bbox 159 2772 1480 2860; baseline -0.007 -18"><span class='ocrx_word' id='word_1_123' title='bbox 159 2783 344 2860; x_wconf 88' lang='lat' dir='ltr'><strong>Stulti,</strong></span> <span class='ocrx_word' id='word_1_124' title='bbox 365 2782 616 2843; x_wconf 86' lang='lat' dir='ltr'><strong>minuere</strong></span> <span class='ocrx_word' id='word_1_125' title='bbox 637 2777 768 2841; x_wconf 92' lang='lat' dir='ltr'><strong>dum</strong></span> <span class='ocrx_word' id='word_1_126' title='bbox 789 2775 1013 2854; x_wconf 87' lang='lat' dir='ltr'><strong>volunt,</strong></span> <span class='ocrx_word' id='word_1_127' title='bbox 1035 2788 1235 2855; x_wconf 82' lang='lat' dir='ltr'><strong>augent</strong></span> <span class='ocrx_word' id='word_1_128' title='bbox 1257 2772 1480 2838; x_wconf 86' lang='lat' dir='ltr'><strong>malum.</strong></span> 
     </span>
    </p>
   </div>
   <div class='ocr_carea' id='block_1_6' title="bbox 1665 242 1733 297">
    <p class='ocr_par' dir='ltr' id='par_1_9' title="bbox 1665 242 1733 297">
     <span class='ocr_line' id='line_1_27' title="bbox 1665 242 1733 297; baseline 0 0"><span class='ocrx_word' id='word_1_129' title='bbox 1665 242 1733 297; x_wconf 79' lang='lat'><strong>⁸9</strong></span> 
     </span>
    </p>
   </div>
  </div>
 </body>
</html>
