2226 3644
560 237 1468 327 PRAEFATIO.
1729 243 1831 324 vii

194 414 463 508 quanto
494 400 773 479 facilius
807 404 1215 506 contingere
1259 401 1535 479 senariis
1583 421 1834 504 potue-

195 516 411 596 runt?
455 521 580 622 qui
609 518 851 594 senarii
882 517 1060 594 adeo
1093 545 1339 623 parum
1374 516 1529 593 sunt
1562 545 1600 592 a
1635 515 1834 591 fami-

192 634 373 721 liari,
403 632 771 736 solutoque
797 630 1111 710 sermone
1139 628 1410 721 diverfi,
1447 653 1526 707 ut
1558 659 1687 735 pro
1709 631 1837 704 illo

193 748 413 823 habiti
439 747 644 851 saepe
668 776 710 823 a
735 747 1029 824 librariis
1056 745 1343 836 fuerint,
1370 767 1583 849 atque
1609 748 1682 822 in
1709 771 1834 820 ve·

195 863 379 936 tusto
406 859 803 939 fabularum
820 854 1120 938 Phaedri
1146 861 1392 937 codiee
1414 859 1835 961 manuscrip-

195 996 271 1049 to
322 974 694 1065 Rsemenfi,
740 974 1103 1052 ordinibus
1149 978 1536 1051 litterarum
1584 974 1834 1076 pleniS,

197 1087 458 1191 absque
497 1091 639 1166 ulla
678 1088 980 1194 ipsorum
1014 1089 1460 1183 diflinffione,
1509 1090 1634 1163 lint
1671 1115 1837 1162 exa-

196 1207 350 1280 rati.
409 1203 737 1291 secundd,
768 1204 954 1279 idem
991 1205 1390 1279 Gulielmus
1426 1205 1836 1278 Hermanus

195 1313 469 1392 fabulas
500 1319 669 1393 alias
705 1317 1156 1422 quadraginta
1186 1341 1511 1421 quatuor,
1543 1345 1729 1420 quae
1761 1317 1837 1389 in

199 1431 455 1506 eodem
497 1432 679 1506 libro
722 1435 1191 1534 reperiuntur,
1238 1433 1509 1507 vertisse
1554 1431 1621 1506 se
1668 1430 1839 1505 dicit

199 1573 293 1620 ex
327 1547 645 1620 oratione
672 1546 878 1647 ligata
916 1548 985 1621 in
1022 1546 1341 1622 solutamr
1373 1545 1605 1621 terti&
1639 1544 1837 1619 deni-

202 1685 348 1762 que
368 1656 646 1734 fabulae
664 1660 922 1735 ibidem
944 1660 1355 1763 permultae,
1390 1685 1550 1734 cum
1574 1659 1659 1733 ab
1677 1659 1837 1732 hoc·

202 1799 327 1862 ce,
377 1794 530 1849 tum
565 1774 651 1849 ab
680 1775 834 1849 aiiis
868 1774 1359 1877 interpretibus
1399 1800 1489 1849 ex
1524 1774 1839 1847 oratione

165 1960 171 1970 ,
202 1889 482 1963 (ἔκ-παι
516 1887 882 1963 transsatae
916 1886 1163 1964 frustra
1206 1888 1405 1963 nobis
1448 1914 1839 1961 memoran-

204 2024 339 2096 tur,
354 2027 525 2077 cum
547 2002 772 2077 nullas
786 2003 966 2077 inter
993 2005 1330 2089 Graecas,
1348 2028 1528 2102 quae
1548 1999 1838 2103 quidem

206 2137 478 2203 extent,
508 2139 987 2218 compareant:
1039 2119 1181 2190 imo
1215 2143 1384 2192 vero
1413 2142 1552 2189 non
1584 2140 1839 2216 paucas

203 2227 609 2305 earumdem
628 2226 820 2305 fuisse
841 2229 1231 2334 desumptas
1251 2257 1291 2304 e
1309 2229 1653 2317 Phaedre,
1683 2232 1838 2332 qui,-

204 2346 309 2420 vis
336 2344 549 2445 plane
578 2344 937 2443 intelligat.

327 2458 573 2533 Postea
607 2483 778 2533 vero
812 2482 1022 2560 quam
1056 2460 1241 2533 varia
1278 2456 1680 2559 scriptorum
1717 2484 1841 2531 ve-

209 2594 441 2647 terum
466 2569 853 2670 fragmenta
884 2572 1303 2657 invenimuS,
1338 2597 1544 2672 quae,
1582 2573 1840 2645 tametfi

211 2685 298 2760 ad
334 2684 755 2759 senariorum
793 2687 984 2785 leges
1019 2684 1247 2787 opella
1280 2682 1503 2758 nostr&
1534 2687 1841 2760 revocari

211 2803 486 2884 minus»,
535 2824 747 2899 quam
790 2799 1036 2901 sponte,
1082 2798 1196 2873 sua
1243 2824 1603 2873 recurrere
1644 2800 1841 2874 vide-

213 2934 486 2998 rentur,
536 2935 766 2987 tamen
813 2911 1005 3014 prosa
1055 2915 1364 2987 oratione
1411 2912 1655 3015 scripta
1706 2917 1843 3016 pri-

212 3053 408 3103 mum
443 3028 614 3128 quin
646 3023 919 3103 fuissent
951 3025 1268 3102 dubitare
1301 3026 1523 3115 nobiS,
1563 3051 1845 3134 propter

956 3170 1109 3250 24
