2226 3644
531 228 601 276 92
774 211 1305 261 FABULARUM
1340 210 1907 270 AnsoPIARuM

524 303 807 378 stimulat)
829 318 1139 384 terramque
1153 299 1363 377 fodere,
1387 322 1553 383 quam
1570 303 1742 386 longa
1762 307 1836 370 est
1847 310 1988 377 diet.

525 391 865 466 Thesaurus,
887 389 1099 471 qualem
1115 391 1416 470 cupierant,
1439 412 1554 452 non
1571 393 1646 454 est
1663 396 1887 475 quidem

524 493 800 546 Inventus
826 474 1090 558 usquam;
1118 475 1206 536 sed
1229 497 1414 552 agrum
1429 478 1561 539 dum
1583 480 1655 543 fic
1675 485 1967 569 excolunt,

526 569 758 632 Cultura
781 568 989 646 peperit
1006 563 1120 646 ipsa
1140 581 1428 645 perpetuas
1444 587 1601 647 oper..
1821 594 1822 597 ¹

610 656 842 718 Homini
860 651 1170 714 Thesaurus
1187 654 1399 730 ingens,
1426 652 1658 717 affiduus
1674 656 1850 726 labor.

1198 832 1368 888 V111.

706 1009 1082 1073 Vena-roa,
1106 1005 1502 1081 Patumnsss,
1528 1025 1609 1065 nr
1632 1009 1922 1074 Coautx.

706 1088 956 1150 Endebat
979 1109 1167 1148 arcum
1189 1095 1437 1150 Venator
1467 1092 1796 1173 collineanS,

748 1175 881 1236 Visa
897 1175 1185 1248 Palumbe;
1209 1179 1298 1236 cui
1317 1184 1564 1240 Cornix:
1591 1183 1726 1260 quid
1744 1185 1951 1249 restitas
1969 1190 1991 1249 ἓ

521 1274 675 1342 Quae
692 1265 791 1323 tibi
816 1266 1076 1332 minatur,
1099 1266 1242 1326 hanc
1264 1263 1512 1343 sagittam
1536 1288 1655 1328 non
1676 1272 1874 1334 vides?

518 1353 730 1423 Video,
753 1353 935 1431 inquit
949 1350 1064 1426 illa,
1092 1348 1182 1410 sed
1202 1370 1370 1430 quam
1389 1360 1641 1415 Venator
1656 1376 1810 1423 retro

519 1440 763 1502 Reducat
779 1438 844 1498 ad
865 1436 940 1514 se,
964 1453 1146 1516 petere
1170 1458 1258 1497 me
1280 1440 1484 1501 nedum
1500 1444 1659 1504 velit.

516 1536 669 1590 Dum
691 1524 762 1585 fic
779 1525 1063 1588 Palumbes
1078 1523 1267 1585 mistra
1281 1525 1331 1585 se
1349 1526 1462 1607 ipsa
1475 1529 1705 1610 decipit,

516 1616 693 1675 Volat
717 1611 928 1692 sagitta,
952 1634 1052 1672 nec
1068 1611 1164 1672 fibi
1186 1614 1473 1676 timentem
1499 1634 1679 1679 necat.

605 1701 871 1761 Maledica
882 1701 998 1760 vidi
1015 1702 1198 1778 lingua
1208 1720 1340 1766 eum
1360 1703 1549 1765 restrin
1553 1720 1705 1782 geret

515 1795 621 1850 Sua
641 1787 768 1866 tela,
790 1791 1009 1867 gravius
1028 1789 1161 1849 hinc
1186 1802 1371 1850 tamen
1394 1790 1592 1854 vulnus
1611 1793 1785 1856 daret.

1251 1971 1357 2026 IX.

694 2141 929 2211 Eqpus
962 2156 1237 2214 samon,
1265 2158 1351 2199 Εἰ·
1376 2145 1597 2217 EQms
1624 2162 1910 2209 samon.

652 2223 812 2283 Ullus
837 2230 1025 2303 Equus
1044 2227 1262 2286 herbam
1282 2229 1512 2289 habebat
1528 2232 1587 2291 in
1606 2245 1764 2310 prato
1777 2232 1988 2297 affatim

696 2313 979 2387 Pinguem,
1004 2311 1256 2373 tenellam
1273 2336 1290 2372 ε
1318 2313 1481 2375 luxus
1497 2333 1555 2377 at
1567 2317 1780 2397 gustum
1795 2323 2028 2400 obtudit,

509 2395 743 2477 Ipsaque
765 2400 969 2457 creavit
984 2396 1197 2458 satietas
1219 2399 1510 2465 fastidium.

503 2485 744 2557 Eodem,
767 2486 911 2545 vires
928 2484 1202 2547 reficiendi
1216 2491 1408 2564 gratia,

464 2601 467 2606 ·
508 2571 790 2631 Deduflus
812 2570 953 2630 forte
974 2594 1098 2632 cum
1126 2572 1301 2634 fuisset
1327 2575 1647 2657 Quadrupes

505 2662 734 2730 Senior3
764 2656 877 2717 adit
894 2680 1014 2719 eum
1040 2661 1248 2734 Pullus,
1270 2677 1325 2722 et
1344 2664 1513 2723 multa
1531 2681 1694 2744 rogat

506 2751 695 2819 Prece,
719 2748 1101 2826 impetratque,
1125 2746 1316 2828 pascua
1330 2766 1392 2809 ut
1414 2772 1485 2810 ne
1507 2751 1736 2831 deneget

502 2835 658 2893 Hinc
675 2833 740 2891 ad
755 2833 984 2893 meliora
1005 2834 1222 2895 ducere.
1271 2845 1583 2917 Erumpunt
1599 2838 1777 2916 fimul,

503 2922 577 2978 Et
594 2939 687 2997 per
709 2919 941 2999 depressa
958 2920 1204 2997 vallium,
1223 2924 1387 2983 ardua
1401 2926 1648 3002 collium,

505 3005 778 3086 Planaque
804 3028 1128 3089 camporum
1140 3009 1447 3087 grandium
1463 3011 1661 3074 celeres
1684 3013 1884 3094 gradus
1898 3043 1917 3080 t
