2226 3644
535 253 841 306 LIBER
916 255 1311 313 PRIMUS.

129 346 359 413 Audebit
371 347 593 423 omnia,
613 345 936 428 graviusque
951 350 1116 410 etiam
1134 349 1300 414 scelus

134 437 218 498 Ad
237 434 665 519 perpetrandum
685 433 783 497 fiet
802 440 1193 516 comparatior.

138 531 318 586 Parem
335 522 578 604 querelis
591 541 789 584 cervus
806 520 910 583 effe
921 523 1238 587 existimans

140 610 354 673 Causam
377 608 670 693 querendi,
691 612 911 671 territus
925 614 1166 694 primum
1188 615 1316 694 fuit,

140 705 209 761 Et
220 700 450 761 ultionis
469 697 770 780 cupiditate
784 701 1052 780 percitum

142 790 241 850 Sibi
254 787 411 850 fimul
425 784 586 848 senfit
597 783 847 863 fremere,
869 802 927 847 et
939 785 1165 849 accendi
1176 788 1338 868 jecur
1352 812 1373 853 ε

143 886 217 939 At
231 876 460 959 propius
479 894 705 936 omnem
720 874 916 937 deinde
928 895 1046 937 rem
1064 876 1439 960 confiderans,

143 964 356 1027 Laesum
371 962 478 1024 effe
488 962 679 1024 leviter
694 978 756 1022 ut
771 979 953 1024 cutem
970 966 1084 1024 nati
1099 964 1275 1043 videt,

140 1059 362 1115 Luctum
376 1053 500 1133 ejus
518 1049 634 1132 ‚ipse
647 1051 884 1132 denique
905 1051 1217 1116 mendacem
1239 1056 1438 1135 arguit.

220 1145 261 1219 †
301 1143 513 1201 Animo
529 1137 741 1198 dolenti
754 1159 877 1199 non
894 1154 1117 1221 oportet
1130 1140 1349 1204 credere
1365 1164 1387 1220 ς

139 1230 305 1293 Etiam
326 1233 661 1291 innocentes
676 1228 831 1307 cogit
844 1229 1065 1289 mentiri
1080 1227 1262 1291 dolor.

849 1408 986 1466 XII.

657 1581 864 1638 Gutus
890 1597 971 1638 ιτ
998 1584 1202 1640 Pavo.

147 1666 466 1790 SImultas,
490 1666 661 1725 variis
684 1680 806 1724 orta
821 1665 888 1725 de
904 1665 1096 1741 caufis,
1119 1674 1326 1730 Gruem

257 1753 406 1814 Olim
421 1754 699 1828 incitavit,
727 1766 783 1811 et
798 1752 1001 1813 Alitem
1025 1757 1360 1836 Junonium,

143 1844 213 1899 Ut
227 1838 274 1900 se
295 1843 595 1922 reciprocis
612 1839 887 1900 laederent
899 1844 1188 1904 conviciis.

142 1928 296 2004 Vide,
316 1931 506 2009 inquit
521 1935 698 2004 Pavo,
724 1948 1026 2006 gemmeam
1044 1929 1250 1991 caudae
1262 1934 1547 2015 explicans

141 2014 569 2091 Formofitatem,
591 2016 721 2076 huic
733 2014 913 2076 ordini
931 2016 1247 2097 praelucido

142 2109 442 2184 Pennarum
467 2118 673 2183 quanta
687 2101 955 2163 luminum
973 2105 1060 2163 vis
1078 2103 1353 2183 fulguret3

143 2194 438 2271 Tuumque
458 2189 614 2250 lauda
631 2187 837 2271 postea,
865 2193 1101 2269 hucque,
1127 2191 1162 2250 fi
1178 2207 1360 2272 potes,

144 2279 397 2339 Colorem
422 2275 611 2337 confer
631 2281 927 2339 cinereum.
972 2279 1178 2338 Retulit
1198 2284 1363 2341 Gruis
1379 2303 1398 2341 ε

144 2367 335 2425 Colore
351 2363 532 2425 nitido
553 2384 856 2446 pennarum
876 2364 1104 2444 praestas
1127 2367 1348 2445 quidem
1369 2390 1391 2442 3

142 2457 335 2532 Neque
356 2456 499 2512 hanc
520 2451 748 2513 invideo
764 2451 973 2512 futilem
989 2454 1086 2512 tibi
1108 2455 1340 2532 gloriam
1357 2478 1376 2515 ε

141 2540 234 2599 Sed
256 2542 411 2600 humi
432 2555 488 2598 te
507 2541 703 2598 retinet
721 2537 836 2614 iste,
862 2559 1025 2619 quem
1040 2541 1238 2617 jactas,
1264 2542 1457 2614 decor3

143 2630 240 2686 His
254 2648 362 2706 ego
377 2626 507 2687 dum
529 2627 753 2707 pennis,
775 2646 934 2707 quas,
959 2626 1198 2707 superbe,
1228 2631 1530 2712 vituperas,

142 2720 373 2795 Car-pam
389 2714 634 2790 volatuS,
657 2711 695 2772 fi
713 2714 947 2782 libuerit,
967 2714 1193 2789 arduoS,

140 2800 400 2881 Ultraque
416 2804 615 2875 nubes,
641 2801 891 2880 proxima
907 2799 1131 2880 superis,
1150 2801 1316 2863 ferar.

223 2887 439 2948 Fabella
454 2885 709 2963 ostendit,
730 2889 876 2946 inter
891 2887 1213 2965 elegantula,

140 2977 507 3055 Sublimiaque
519 2977 667 3037 inter
688 2975 910 3052 ingenia
925 2975 1059 3054 quid
1084 2974 1367 3057 discrepet.

676 3075 709 3138 †
731 3075 790 3125 P.
809 3072 951 3140 Syrus.
