2226 3644
406 290 417 337 ἱ
520 300 827 351 LIBER
886 298 1391 367 QUARTUS.

166 394 282 457 Sibi
305 407 598 456 vacantem
618 395 882 474 graviter,
905 408 963 454 ct
980 413 1241 472 magnum
1263 390 1404 453 nibil

176 481 537 546 Meditantem
555 484 735 563 capite
755 481 1046 558 immobili,
1068 479 1247 542 Felem
1266 477 1487 561 aspicitz

173 572 339 632 Mitis
360 567 606 652 profecto
632 568 830 645 bellua,
852 570 1055 650 inquit,
1082 589 1156 629 en
1170 565 1313 629 adest
1325 590 1349 642 ς

172 656 411 739 Ipsoque
426 658 582 719 vultu
596 655 760 738 spirat
776 654 1181 718 sanctimoniam
1196 677 1218 728 ς

176 751 340 807 Hanc
353 743 697 826 compellare,
720 760 795 820 et,
824 741 992 827 ipsafi
1016 765 1134 803 non
1157 745 1386 819 abnuat,

173 836 520 893 Conncciere
529 831 709 892 modo
724 831 908 892 vincla
927 832 1197 891 amicitiae
1220 829 1388 889 lubet.

173 919 405 981 Accedit
419 940 551 998 ergo
572 921 818 1001 propius,
863 925 940 978 At
961 920 1165 979 exertis
1186 915 1343 978 fimul

166 1009 434 1088 :improba
445 1028 570 1066 eum
590 1007 731 1067 Felis
749 1007 1024 1085 unguibus
1040 1007 1208 1087 capit,
1231 1019 1288 1063 ct
1307 1016 1487 1064 vorat.

259 1092 511 1159 Modesta
526 1092 726 1176 species
745 1115 865 1155 non
887 1094 1171 1155 hominem
1184 1094 1424 1155 sanetum
1448 1090 1665 1174 probat.

908 1273 1019 1328 vl„

600 1448 872 1502 Invrnur
899 1460 987 1501 ετ
1017 1447 1154 1502 Au
1169 1461 1311 1502 xus.

260 1526 475 1606 Nvido,
492 1544 552 1588 et
569 1536 758 1590 Avaro
772 1530 985 1609 Jupiter
999 1528 1273 1609 quondam
1294 1529 1511 1604 annuit,

302 1622 515 1676 Peteret
538 1615 792 1675 alteruter
812 1614 865 1675 id
887 1616 1035 1696 quod
1051 1631 1268 1697 optaret
1279 1617 1476 1695 magis,

176 1710 342 1764 Mora
359 1703 531 1779 hulla,
556 1704 709 1763 votis
733 1723 845 1762 rem
863 1701 1211 1764 successuram
1234 1701 1376 1778 suiv,

174 1795 255 1851 Ea
278 1790 398 1870 lege
416 1806 620 1867 tamen,
646 1805 730 1865 ut,
757 1792 967 1871 petenti
990 1790 1141 1872 quod
1168 1788 1358 1853 datum

172 1877 394 1954 Fniss'et,
417 1877 644 1958 duplum
666 1880 990 1939 tribueretur
1010 1878 1183 1938 alteri.

170 1964 473 2027 Honestam
494 1981 658 2040 certe,
679 1985 781 2027 nec
798 1968 930 2025 mihi
947 1963 1112 2026 visam
1130 1967 1390 2025 hactenus

170 2055 578 2132 Benignitatem
595 2053 837 2133 impertit
851 2052 1017 2112 hodie
1037 2054 1274 2132 Jupiter,

168 2147 367 2202 Secum
391 2142 466 2199 ait
489 2146 740 2213 Avarus;
771 2139 915 2200 illam
940 2159 1047 2199 nos
1070 2155 1251 2199 autem
1271 2136 1425 2199 decet

170 2232 475 2308 Apponere
495 2227 674 2302 lucre,
702 2247 864 2307 quarn
878 2226 1064 2288 licebit
1078 2227 1355 2300 maximo;

171 2322 470 2375 Pareamus
492 2315 662 2393 igitur
686 2316 837 2375 votis
855 2312 1299 2395 imprudentibus

171 2403 386 2480 Pracine
400 2398 573 2460 socio.
619 2406 726 2460 Pro
744 2398 837 2461 sua
850 2416 1004 2481 parte
1034 2399 1263 2461 Invidus

169 2495 406 2548 Attenta
423 2502 607 2547 mente
621 2488 823 2567 pariter
843 2489 1032 2548 omnia
1049 2486 1353 2567 ponderat3

171 2574 576 2656 Postquamque
592 2594 661 2633 ne
682 2575 816 2653 quid
833 2591 1014 2656 peccet
1037 2578 1109 2635 im
1117 2573 1375 2654 prudens»,
1400 2570 1523 2634 satis

169 2664 284 2723 Sibi
300 2658 624 2743 praecaviffe
634 2659 784 2721 visus
806 2661 900 2737 est,
931 2661 1078 2721 ultro
1098 2663 1273 2742 prior,

169 2759 304 2827 Quo
328 2763 464 2809 vota
478 2745 723 2824 tendant,
747 2751 949 2828 aperit3
978 2765 1034 2807 et
1051 2746 1245 2808 oculus
1263 2761 1423 2827 rogat

170 2839 281 2897 Sibi
302 2851 522 2895 eruatur
539 2854 681 2894 unus
704 2859 721 2896 ε
746 2839 853 2897 hoc
869 2838 1045 2914 pretio
1062 2834 1275 2895 lucrum

166 2925 282 2984 sibi
304 2922 408 2982 effe
426 2937 640 3002 reputat
661 2918 808 2982 socio
835 2924 1088 2999 geminos
1111 2923 1248 2980 erui.

258 3011 368 3069 Ubi
390 3008 550 3084 fingit
563 3006 773 3089 ahquid
794 3007 895 3069 effe
911 3023 1206 3069 venturum
1222 3008 1360 3068 boni

142 3127 161 3140 =
254 3095 483 3180 Cupido
506 3116 663 3159 caeca
677 3095 904 3179 negligit
925 3093 1174 3246 {raesens
1201 3093 1427 3159 malum.

1024 3200 1060 3264 3
