2226 3644
420 282 506 337 9⁸
643 266 1185 323 FABULARUM
1225 260 1789 314 AESOPIARUM

433 377 653 442 Carere,
677 366 850 445 ripam
867 359 1023 421 facile
1045 358 1363 418 ulteriorem
1382 358 1588 434 attigit.

433 458 522 519 Ad
540 458 702 516 alium
717 450 912 514 deinde
928 448 1183 508 Fluvium
1199 446 1469 526 pervenit,
1492 444 1621 503 suos

435 553 634 620 Lente,
657 559 714 602 et
728 544 910 621 quiete
928 537 1125 596 fluetus
1149 536 1245 615 qui
1270 531 1628 613 provolverer
1641 552 1660 589 ε

435 639 602 694 Hunc
617 626 954 712 pertranfire,
977 623 1145 692 dixit,
1167 621 1430 683 minimus
1445 619 1520 679 est
1543 618 1700 679 labor

434 728 584 781 Tam
600 719 800 785 lenem,
824 731 1046 793 tamque
1061 708 1347 791 pacificum
1363 731 1381 780 ;
1412 711 1481 768 ab
1504 705 1605 767 isto
1618 706 1794 766 altero

439 807 678 888 Rapido,
697 821 752 864 et
767 807 906 862 irato
922 822 1050 864 cum
1074 814 1188 858 tam
1204 796 1357 857 facile
1379 793 1663 855 evaserim.

438 896 607 957 Simul
623 899 754 954 haee
771 890 992 950 loeutus
1008 890 1178 948 intrat
1194 907 1213 958 ς
1239 899 1295 943 et
1314 881 1564 944 absorbet
1577 880 1734 944 fimnl

438 982 620 1067 Ipsum
644 978 918 1062 profunda
931 977 1164 1036 vorticis
1180 974 1515 1047 malignitas.

525 1070 751 1145 Diffide,
774 1065 811 1126 si
835 1069 960 1146 quis
982 1079 1152 1124 taceat
1169 1058 1412 1119 infensus
1431 1061 1562 1119 tibh

440 1160 593 1220 Pleni
617 1159 893 1218 minarum
911 1153 1077 1231 longe
1098 1146 1375 1211 metuendi
1397 1149 1601 1207 minus,

1113 1329 1336 1383 xxm.

878 1509 1040 1562 Pica
1072 1519 1153 1558 ar
1182 1502 1541 1558 Coruum.

443 1588 549 1707 C
561 1597 611 1650 U
623 1598 685 1651 M
710 1592 833 1651 Pica
856 1604 1061 1669 peteret
1077 1610 1106 1644 a
1126 1584 1417 1658 Columba,
1434 1604 1535 1644 cur
1555 1581 1649 1642 sua

597 1680 807 1740 Eodem
832 1679 1035 1754 semper
1058 1694 1170 1734 ova
1195 1687 1420 1751 poneret
1435 1672 1585 1747 loco,

442 1772 595 1833 Hinc
610 1766 792 1849 pullos
811 1787 930 1827 non
948 1767 1131 1841 ignara
1156 1759 1365 1841 semper
1380 1761 1556 1840 abripi
1571 1782 1588 1828 ;

445 1864 695 1937 Cumque
709 1875 771 1913 ea
785 1853 853 1914 fic
869 1854 1065 1920 facere,
1089 1850 1293 1931 quippe
1307 1850 1375 1909 ab
1392 1848 1547 1908 omni
1568 1847 1796 1906 liberam

445 1944 780 2024 Suspicione,
805 1939 857 2000 se
872 1939 1036 2000 solere
1051 1935 1366 2017 (implicem,

442 2037 697 2104 Diceret;
724 2045 778 2089 at
793 2028 888 2090 ista
901 2028 975 2089 est
994 2025 1153 2087 stulta
1171 2023 1502 2103 fimplidtas,
1526 2022 1627 2094 ait,

445 2128 602 2184 Noto
624 2140 696 2181 ex
712 2117 919 2201 periclo
936 2134 1080 2197 quae
1098 2134 1216 2172 non
1239 2111 1302 2172 fit
1324 2110 1667 2192 prudentior.

1120 2293 1338 2349 XXIV.

807 2472 1079 2524 AvAaus
1109 2482 1192 2519 Er
1226 2480 1378 2530 Ejus
1403 2464 1668 2519 Pinus,

455 2553 741 2671 Eximia
754 2573 920 2632 poma
935 2559 1147 2612 Avarus
1173 2552 1231 2609 in
1247 2548 1446 2608 domus
1464 2545 1581 2606 suae

602 2642 889 2704 Secretiori
914 2637 1069 2721 parte
1086 2637 1485 2707 collocaverat3

449 2739 527 2793 At
542 2731 715 2804 nulla,
741 2727 840 2787 nifi
858 2747 998 2808 quae
1012 2724 1193 2786 tabida
1214 2722 1456 2785 inficeret
1475 2720 1623 2796 lues,

448 2817 585 2881 Inde
600 2818 921 2879 extrahebat
943 2811 1312 2874 manducandi
1327 2810 1534 2889 gratia:

450 2906 617 2982 Quod
634 2904 1075 2963 animadvertens
1100 2898 1385 2981 postquam
1403 2897 1557 2976 saepe
1573 2893 1745 2952 Filius

446 2991 660 3052 Frustra
674 2991 999 3068 increpavit,
1019 2989 1260 3067 denique
1284 2986 1500 3045 invenit
1522 2982 1693 3053 viam,

447 3086 743 3139 Pomorum
756 3077 823 3137 ad
839 3074 1007 3157 ipsam
1025 3096 1135 3158 qua
1150 3087 1462 3157 penetraret
1479 3089 1681 3154 penum
1698 3091 1718 3140 ς
