2226 3644
485 259 553 309 13>
706 242 1246 295 FABULARUM
1283 242 1869 298 AEsoPIARUM.

1050 458 1077 489 ,·
1199 431 1366 488 xm.

925 667 931 672 ,
1031 606 1230 664 Mau
1255 606 1528 662 Autan.
1574 656 1580 661 .

483 696 599 816 V
612 694 638 751 1
649 692 700 748 R
725 678 1018 750 Lufitanus
1033 688 1206 750 filium
1232 688 1426 750 habuit
1445 689 1697 766 unicum,

644 777 817 856 Cujus
831 775 1113 838 venustam
1135 774 1389 857 simplicis
1404 778 1576 838 animi
1588 775 1837 841 indolem

482 862 669 924 Etiam
687 864 982 943 adjuvabat
1003 865 1359 946 pulchritudo
1373 870 1650 946 corporis.

481 955 629 1031 Erga
646 954 796 1012 hunc
816 950 1010 1024 (etiam
1026 953 1171 1025 aliis,
1198 972 1363 1034 quarn
1377 955 1616 1032 parenti,
1638 952 1959 1032 amabilem)

435 1031 441 1049 '
480 1041 617 1098 Erat
644 1042 884 1120 parentis
906 1061 1161 1118 magnus,
1191 1057 1249 1101 at
1264 1040 1506 1122 prudens
1522 1059 1681 1102 amor
1698 1063 1718 1102 e

478 1126 720 1189 Oculum
742 1125 858 1203 ille,
883 1130 1034 1189 curis
1052 1131 1358 1191 cxcitatum
1372 1127 1642 1209 providit,

478 1218 625 1275 Cum
640 1212 792 1296 saepe
808 1216 866 1275 in
884 1213 1003 1296 ipso
1018 1216 1278 1296 defigeret
1293 1217 1581 1292 attentius,

475 1305 744 1363 Animum
766 1302 1121 1384 introspexit,
1146 1304 1240 1365 usu
1266 1319 1322 1363 et
1343 1304 1609 1385 exemplis
1631 1302 1793 1365 malis

479 1388 572 1450 Ad
588 1405 731 1449 artes
747 1389 1038 1468 flagitiosas
1059 1392 1415 1468 exorabilem,

480 1480 570 1539 Εὸ
584 1476 814 1552 facilius,
846 1476 1005 1556 quod
1018 1476 1248 1559 fitnplex
1264 1482 1438 1557 magis
1460 1477 1625 1539 foret.

479 1569 633 1643 Ergo
650 1566 908 1625 monebat
931 1563 1115 1647 saepe,
1127 1586 1200 1626 ne
1212 1564 1394 1627 socios
1410 1564 1510 1627 fibi

477 1654 694 1714 Habere
713 1650 895 1724 vellet,
919 1666 983 1711 ut
998 1653 1229 1713 habebat
1243 1652 1421 1714 multo
1437 1653 1627 1724 nimis,

478 1745 558 1801 Et
573 1741 741 1817 hunc,
762 1756 819 1799 et
834 1738 1009 1815 illum,
1038 1740 1360 1820 indigitant,
1383 1743 1480 1822 qui
1495 1740 1654 1804 fimili
1668 1739 1894 1824 quidem

477 1830 697 1889 Aetatis
719 1829 871 1905 flore,
895 1827 985 1888 sed
1001 1850 1122 1889 non
1144 1832 1491 1891 innocentiae

476 1915 676 1979 Itidem
696 1917 959 1977 niterent.
1003 1921 1360 1992 Reverenter,
1381 1920 1465 1978 uti
1481 1931 1737 2000 parerat,

477 2006 733 2066 Monitus
747 2018 1012 2085 paternos
1027 2004 1285 2067 audiebat
1298 2005 1442 2066 filius
1459 2028 1476 2066 ε

479 2099 560 2152 At
577 2092 747 2167 enim,
773 2093 1081 2172 inquiebat,
1097 2108 1216 2154 tuta
1231 2094 1420 2155 omnia
1435 2095 1621 2166 times,
1638 2105 1829 2174 paterg

478 2176 700 2259 Eosque
714 2193 880 2248 certe,
902 2199 1029 2240 cum
1047 2182 1248 2261 quibus
1261 2179 1440 2241 credis
1455 2180 1590 2240 mihi

476 2265 847 2330 Periculosum
870 2268 1009 2327 inire
1034 2264 1502 2344 consuetudinem,

480 2358 663 2431 Quam
683 2374 800 2414 non
820 2373 1022 2414 nocere
1044 2355 1269 2435 possint,
1289 2355 1432 2416 haud
1446 2352 1590 2416 nosti
1610 2351 1769 2418 satist

477 2448 627 2517 Imo,
647 2439 853 2521 aliquid
868 2439 964 2521 ipfi
976 2440 1123 2502 forte
1138 2439 1178 2501 fi
1197 2445 1580 2504 contraxerint

476 2526 833 2600 vitiositatis,
857 2528 1129 2610 quidquid
1143 2529 1201 2590 id
1216 2529 1397 2600 fixerit,
1423 2531 1561 2591 meis

474 2617 676 2689 Bonis,
697 2617 774 2676 ita
795 2612 973 2695 spero,
993 2619 1260 2698 exemplis
1276 2617 1675 2678 emendabitur.

477 2709 675 2783 Neque
689 2704 777 2762 his
792 2704 990 2782 placari
1007 2703 1152 2765 visus
1167 2703 1271 2779 est3
1319 2724 1498 2785 neque
1517 2704 1694 2766 adhuc
1714 2717 1902 2769 tamen

479 2798 643 2851 Pater
662 2788 766 2850 effe
783 2789 1017 2868 causam,
1041 2812 1143 2851 cur
1155 2790 1480 2868 succenseat,
1503 2808 1673 2862 ratus,

478 2875 751 2938 Praestare
766 2879 931 2938 verba
945 2879 1094 2959 quod
1109 2896 1409 2960 nequeunt,
1430 2882 1682 2942 innoxiis

477 2963 707 3025 Efficere
729 2979 908 3026 tentat
921 2968 1160 3027 artibus:
1204 2965 1517 3029 cistellulam

479 3050 749 3132 Pulchris,
768 3050 1035 3135 bonisque
1059 3054 1223 3117 Malis
1249 3056 1448 3118 Aureis
1465 3055 1663 3139 replet,
