2226 3644
349 302 358 313 .
447 264 754 317 LIBER
832 262 1367 314 SECUNDUS.
1652 283 1720 329 25

824 424 932 479 VI.

542 534 720 589 Ρυειι
751 547 840 588 m·
867 534 1264 589 Actaeona.

304 617 494 677 Entiri
509 614 734 689 affuem,
764 614 853 675 vel
877 612 914 674 fi
937 634 1130 676 verum
1148 616 1377 688 dixerit,

348 702 540 765 Fidem
554 721 675 764 non
693 701 850 762 facile
871 701 1078 776 haberi,
1099 705 1209 762 hoc
1222 702 1534 784 exemplum
1556 704 1717 769 dabo.

124 800 261 852 Oves
276 790 552 872 pascebat,
577 805 787 871 terque,
810 805 1112 869 quaterque
1129 792 1433 869 pei-jocum

121 883 253 939 Puer
268 880 460 960 lupum
475 876 649 937 adeffe
671 878 983 949 clamitanS,
1005 879 1112 935 huc
1131 879 1376 959 undique

124 966 404 1044 Agricolas
425 967 696 1025 exciebat.
746 964 914 1023 Atini
939 962 1147 1043 stepius

124 1052 318 1129 Delufi,
344 1053 614 1113 auxilium
643 1073 768 1111 cum
789 1052 1106 1132 imploraret
1125 1049 1285 1129 serie,

123 1148 233 1217 Jam
251 1162 371 1203 non
391 1137 723 1202 subveniunt
736 1161 756 1214 3
787 1156 844 1199 at
864 1139 1026 1220 lupus
1048 1141 1297 1219 praedam
1324 1143 1488 1223 rapit.

849 1299 932 1354 VI
940 1299 983 1354 1.

376 1460 381 1465 .
594 1410 953 1467 Bunutcus
984 1425 1063 1464 m·
1089 1412 1247 1466 Lm.

294 1495 538 1552 Uaerens
567 1491 862 1568 BubulcuS,
889 1514 1051 1573 quem
1068 1494 1366 1571 juvencum
1390 1496 1658 1574 amiserat,
1705 1531 1708 1535 <

337 1579 617 1640 Lustravit
642 1600 859 1640 omnem
875 1579 1068 1640 frustra
1084 1580 1426 1644 solitudinem
1441 1607 1461 1659 ;

125 1668 355 1726 Demurn
384 1668 636 1726 invenire
660 1665 964 1748 desperanS,
987 1685 1111 1728 orat
1134 1676 1331 1745 jovem
1345 1693 1366 1743 ;

125 1753 501 1834 spondetque5
516 1752 694 1814 furem
717 1754 755 1815 fi
774 1754 866 1814 fibi
890 1754 1054 1815 vellet
1076 1754 1247 1815 modo

128 1838 432 1916 ostendere,
457 1843 699 1906 hoedum
720 1864 856 1902 mox
878 1842 1287 1903 sacrificandum
1313 1851 1460 1906 Deo·

126 1923 259 1985 Inde
271 1928 638 2008 proficiscens,
667 1931 727 1991 in
743 1945 1058 2010 quercetum
1076 1930 1321 2009 devenit,

127 2014 313 2094 Ibique
327 2019 550 2097 reperit,
575 2037 742 2096 quem
764 2023 883 2076 Leo
900 2019 1150 2092 vorabat,
1177 2017 1331 2079 suum

124 2107 426 2176 juvencum
447 2127 462 2163 ε
489 2104 736 2184 trepidus
753 2106 941 2183 igitur,
956 2119 1022 2169 ,et
1036 2106 1358 2186 perterritus
1365 2150 1383 2181 ,

125 2193 198 2246 Et
212 2187 500 2252 sublevatis
524 2193 779 2252 manibus
796 2195 855 2251 in
871 2191 1107 2265 coelum,
1132 2193 1357 2270 dhone,

127 2282 176 2334 Ο
190 2274 369 2339 sancte
388 2279 628 2358 Jupiter,
651 2281 750 2354 ait,
773 2299 1030 2340 voveram
1049 2278 1276 2359 quidem

127 2365 256 2424 Tibi
278 2366 542 2442 hoedum,
563 2365 603 2425 fi
620 2365 708 2425 fur
721 2367 1061 2425 inveniretur
1081 2367 1252 2439 mihi;

128 2455 488 2516 Nuncvoveo
506 2468 744 2528 taurum,
768 2451 806 2512 fi
820 2453 993 2513 furem
1009 2455 1278 2513 vitavem.

207 2545 467 2602 Humana
497 2539 654 2622 saepe
674 2555 808 2601 vota
829 2542 1130 2622 perniciem
1147 2555 1361 2621 petunt.

835 2703 994 2758 Vm.

571 2810 796 2864 Θεοῖς
824 2825 904 2864 ιῑτ
932 2812 1258 2863 Armenes·

284 2898 459 2951 Grum
478 2892 953 2971 vastabantjund'ti
981 2892 1225 2951 Gruibus
1251 2887 1482 2950 Anseres
1499 2912 1518 2950 z

329 2978 638 3054 Quodcum
661 2977 948 3039 audiiffent
964 2975 1188 3051 Rustici,
1211 2976 1339 3035 illuc
1362 2975 1413 3036 se
1431 2976 1630 3039 ferunt.

121 3070 319 3137 GrueS‚
348 3065 501 3127 fimul
525 3086 622 3128 eos
646 3064 933 3149 aspiciunt,
956 3063 1107 3128 fimul
1128 3062 1353 3126 avolant
1371 3092 1414 3150 3⁷
