2226 3644
496 271 798 325 LIBER
876 270 1351 325 TERTIUS.

807 455 1023 509 XXIX.

540 627 788 700 Uasuz,
812 630 970 698 LEO,
1001 643 1084 684 ετ
1104 632 1344 689 Lupus.

145 721 571 845 Correptum,
585 712 816 791 jamque
832 712 1241 791 strangulatum,
1264 717 1523 781 mandere

292 801 525 861 Parabat
538 798 707 858 Ursus
722 801 1045 860 hinnuleum
1061 798 1365 865 famelicus.

148 891 281 962 Len,
301 887 456 948 siccis
481 889 685 969 pariter
699 886 970 963 faucibus,
997 885 1328 968 supervenit,

148 977 215 1033 Et
226 992 559 1056 extorquere
580 975 831 1054 praedam
849 976 1131 1035 violentus
1149 994 1327 1058 parat.

147 1061 328 1138 Ursus,
358 1066 458 1144 qui
474 1064 665 1122 multis
680 1078 839 1121 antea
856 1064 1111 1122 leonibus

148 1150 447 1224 Restiterat,
468 1150 628 1209 avida
644 1170 794 1209 nunc
811 1151 902 1210 ubi
921 1149 1157 1211 stimulat
1172 1151 1368 1230 fame-e,

150 1236 257 1296 Sese
272 1237 532 1299 videlicet
545 1240 619 1296 ait
637 1238 784 1296 nolle
807 1237 1015 1297 cedere.

154 1329 408 1386 Exoritur
420 1345 556 1404 ergo
568 1344 754 1403 pugna
770 1327 1044 1404 utrimque
1059 1329 1330 1406 pertinax,

154 1417 221 1471 Et
234 1413 478 1474 horrida:
514 1428 707 1470 neuter
729 1413 937 1485 vincit;
964 1428 1157 1472 neuter
1171 1413 1224 1473 se
1239 1418 1499 1497 imparem

159 1503 355 1573 sentin
384 1513 765 1582 pugnantque,
789 1500 918 1558 dum
936 1499 1125 1559 defee‘ti
1142 1504 1369 1579 viribus„

124 1604 127 1607 ’
158 1591 225 1646 Et
243 1589 393 1663 hinc,
415 1606 471 1648 et
490 1586 622 1646 inde
640 1585 793 1645 fimul
811 1590 869 1646 in
894 1601 1089 1646 terram
1115 1607 1394 1652 corruant.

160 1679 289 1735 Cum
314 1675 382 1736 fic
405 1678 659 1755 jacerent
677 1674 947 1753 languidi,
971 1676 1181 1735 accedit
1201 1681 1418 1758 Lupus,

158 1761 486 1843 Causamque
503 1761 651 1821 tollit
668 1761 989 1821 hinnuleum
1006 1764 1318 1824 certaminis
1336 1789 1354 1838 3

161 1857 324 1924 Quem
345 1849 439 1913 fibi
457 1850 711 1910 videntes
728 1852 953 1929 impune
967 1853 1161 1932 abripi,
1185 1852 1421 1914 invicem

162 1939 383 1998 Dixeret
413 1936 596 1999 miseri
624 1935 830 1996 strenue
854 1941 1242 2018 pugnavimus,

162 2028 230 2082 Ut
242 2023 377 2087 latro
398 2045 616 2108 pugnae
638 2024 802 2084 ferret
816 2044 985 2083 omne
1000 2028 1300 2105 praemium
1319 2031 1334 2086 Ξ

856 2205 1042 2258 XXX.

480 2382 737 2435 Asinus
764 2379 944 2432 Domi
962 2394 1084 2434 nos
1119 2392 1421 2437 Murus.

181 2466 397 2601 APU
412 2469 465 2520 D
490 2462 747 2520 olitorem
768 2463 1057 2540 peragebat
1078 2459 1269 2519 Afinus
1287 2463 1425 2534 dies,

340 2549 584 2608 Multum
600 2549 874 2620 laborans,
897 2565 957 2607 ut
983 2547 1274 2607 videbatur
1287 2549 1406 2624 fibi,

176 2636 473 2716 Parumque
495 2636 819 2695 comedens:
844 2657 977 2712 ergo
996 2633 1046 2693 se
1063 2635 1184 2715 plus
1201 2635 1408 2697 duriter

175 2721 390 2792 Haberi,
414 2743 580 2802 quam
595 2722 697 2794 fas,
714 2721 910 2800 jusque
935 2721 1158 2794 vellent,
1183 2723 1429 2782 credidit.

176 2811 363 2880 Jovem
383 2812 623 2886 rogavit,
649 2808 845 2869 sortem
872 2825 934 2868 ut
955 2824 1190 2869 mutaret
1204 2807 1352 2868 suam
1370 2832 1388 2868 ε

176 2891 402 2973 Ejusque
420 2900 673 2976 precibus
694 2912 956 2954 exoratus
974 2898 1190 2974 Jupiter

177 2984 401 3057 Operam
429 3005 631 3043 navare
645 2983 817 3061 figulo
839 3003 961 3043 eum
979 2983 1425 3061 deincepsjubet.

178 3065 272 3125 Sed
284 3066 420 3129 ferre
436 3092 695 3148 coenum,
718 3092 778 3128 ac
794 3070 1002 3149 tegulas
1015 3068 1146 3129 dum
1166 3072 1383 3147 cogitur

1675 286 1747 334 57
