2226 3644
427 256 511 304 '66
649 248 1189 307 FABULARUM
1227 237 1789 296 AESOPIARUM

440 363 545 414 Seu
560 345 827 412 fabulosas
849 344 1144 422 festiveque
1164 349 1376 399 texeret

445 440 831 510 Narrationes,
857 426 1192 509 monitisque
1212 436 1434 486 ornaret
1447 420 1612 480 bonis

448 536 811 591 Communem
825 524 976 589 vitae
991 516 1059 581 ad
1079 512 1237 579 usum
1253 509 1677 595 pertinentibus.

537 614 687 674 Olim
703 615 836 671 haec
851 609 1018 669 fuere.
1064 602 1167 664 Sed
1182 619 1320 661 mox
1337 612 1450 657 tam
1468 594 1741 675 liquidum
1756 611 1933 672 genus

452 700 758 776 scribendi,
781 713 1003 777 tamque
1017 690 1309 754 delicatum
1325 682 1529 763 respuit

451 790 652 877 Illapsa
672 785 861 855 senfim
877 781 1209 861 argutiarum
1236 773 1532 855 eupiditat,

455 893 804 957 Demumque
824 873 988 933 turbo
1011 860 1377 928 Cordubenfis
1397 858 1610 921 obruit.

457 982 691 1055 Jamque
712 966 814 1022 hae
829 977 1054 1037 regnare
1067 951 1240 1038 pestes
1257 950 1369 1010 late
1383 950 1765 1026 incoeperant,

457 1070 595 1121 Suas
609 1050 828 1116 fabellas
848 1043 1120 1108 Phaedrus
1142 1059 1269 1103 cum
1288 1039 1524 1119 primum
1539 1029 1709 1092 edidit
1723 1051 1742 1090 ε

464 1155 539 1210 Et
557 1146 692 1204 hine
710 1137 786 1198 est
806 1136 972 1209 forte,
992 1129 1064 1192 ad
1086 1147 1193 1190 nos
1212 1125 1365 1208 quod
1380 1124 1471 1183 ille
1487 1120 1704 1181 venerit
1760 1131 1764 1136 ·

465 1232 640 1298 Nullo
656 1225 989 1308 approbatus
1004 1233 1248 1280 veterum
1272 1210 1584 1272 testimonio
1599 1230 1618 1280 ς

474 1321 756 1396 Pauloque
783 1309 902 1392 post
924 1307 1117 1368 evivis
1133 1322 1298 1384 quam
1321 1296 1635 1369 decefferat‚

472 1410 745 1471 Sibihunc
762 1395 915 1459 fuiffe
933 1392 1077 1454 haud
1096 1390 1386 1469 cognitum
1406 1394 1604 1446 Seneca
1620 1391 1658 1429 ¹*
1682 1376 1911 1440 indicet.

561 1502 696 1556 Meo
711 1486 930 1570 quidem
947 1481 1185 1561 judicio,
1219 1475 1259 1537 fi
1278 1472 1509 1536 Phaedri
1525 1467 1719 1548 stylus,

475 1587 531 1647 Si
546 1579 833 1662 ingenium
843 1616 862 1648 ,
884 1586 942 1632 et
958 1568 1055 1631 ista
1069 1564 1366 1645 aequabilis
1381 1559 1640 1627 festivitas

479 1663 798 1751 Aliquando
813 1659 1019 1722 fuerint
1041 1653 1312 1714 Romanis
1337 1643 1702 1725 contemptui,

480 1755 650 1842 Apud
671 1772 768 1815 eos
787 1764 957 1809 artem
978 1743 1207 1824 eloquii,
1230 1755 1287 1798 et
1310 1734 1493 1816 gustus
1514 1730 1762 1794 indolem

480 1844 656 1911 Fuiss‘e
679 1839 899 1924 paulum
916 1845 1201 1910 corruptas
1218 1827 1491 1909 oportuit.

482 1934 640 2000 Illius
660 1948 796 2008 ergo
811 1923 997 1985 semita
1014 1939 1126 2001 qua
1150 1912 1413 1978 monstrat
1432 1913 1606 1992 viam,

487 2017 671 2087 Preffo
692 2012 988 2077 obstinatus
1002 2004 1214 2086 ingredi
1234 1999 1485 2079 vestigio,

490 2117 717 2187 Pergam
737 2105 1062 2164 innocentes
1082 2092 1328 2176 expolire
1352 2086 1582 2149 fabulae.

379 2386 383 2391 .
559 2331 587 2359 ¹·
626 2326 822 2393 Confitere.
857 2320 916 2371 ad
946 2315 1087 2382 Polyb.
1110 2328 1220 2381 cap.
1237 2324 1318 2374 ²7·
1354 2309 1467 2359 Non
1490 2302 1645 2353 audeo
1670 2309 1719 2350 te
1740 2293 1891 2363 usque
1910 2307 1971 2342 eo
1990 2304 2092 2359 pro·

495 2399 666 2450 ducere
685 2431 698 2455 ,
735 2403 794 2443 ut
818 2386 1020 2440 fabellas
1051 2394 1242 2450 quoque
1281 2388 1331 2428 et
1364 2373 1605 2440 Aesopeos
1642 2366 1781 2429 logos
1797 2399 1815 2425 ,
1855 2363 2096 2413 wentam

499 2461 695 2522 Romanu
716 2456 888 2529 ingeniis
901 2465 1017 2523 opus,
1039 2450 1181 2504 solita
1203 2447 1294 2499 tibi
1315 2441 1561 2496 venustate
1581 2430 1856 2490 eonnefflt-
