2226 3644
562 246 864 297 LIBER
939 244 1332 305 PRIMUS.

127 338 279 397 Flere
298 357 435 417 ergo
452 341 660 419 coepit.
708 352 893 398 motus
911 338 1276 401 misericordia

129 428 441 486 Mercurius
468 428 685 486 homini
708 429 982 506 apparuit,
1009 443 1063 485 et
1082 429 1242 488 fletus
1264 427 1344 489 sui

128 511 357 574 Causam
373 515 597 590 rogavit
613 536 631 584 ς
655 533 819 592 quam
834 510 987 574 fimul
1010 514 1220 589 didicit,
1242 519 1378 592 abit,

127 598 421 680 Reditque,
444 598 675 659 securim
690 598 934 659 deferens
956 598 1137 661 secum
1159 623 1401 680 auream,

126 690 197 745 Et
211 708 278 746 an
296 686 498 756 fitilla,
524 706 695 767 quam
715 686 884 748 modo
914 687 1170 766 perdidit,
1192 694 1352 771 petit.

125 780 198 833 At
209 794 328 834 eam
345 772 498 834 suam
517 770 621 834 effe
633 794 835 854 pauper
856 792 1038 852 negat.
1085 781 1235 854 Ergo
1251 774 1479 839 alteram

126 860 309 922 Defert
334 858 577 920 secundo
593 862 896 921 Mercurius
916 876 1226 939 argenteam
1244 888 1262 937 ;

127 955 294 1024 Quam
311 969 442 1008 cum
464 946 569 1007 effe
587 968 787 1029 pauper
810 953 953 1009 hauc
970 968 1194 1029 quoque
1210 966 1433 1031 negaret
1451 949 1595 1013 suam
1612 977 1633 1027 ς

125 1035 221 1114 Ipfi
235 1035 515 1117 postremo
531 1033 757 1096 ferream
781 1044 934 1094 Deus
953 1037 1152 1095 obtulit
1171 1058 1188 1097 ε

120 1122 269 1183 Illam
285 1121 440 1182 suam
463 1119 565 1181 ess'e
582 1143 708 1182 eum
725 1121 1001 1182 affentiret
1015 1122 1297 1197 Rusticus;

120 1209 321 1286 Justum
340 1222 401 1268 et
414 1227 665 1271 veracem
688 1212 996 1269 Mercurius
1012 1215 1290 1272 hominem
1314 1213 1511 1275 volens

121 1298 502 1370 &munem-i,
526 1295 678 1356 fimul
693 1317 885 1358 omnes
907 1297 1059 1356 dono
1074 1297 1240 1360 dedit.

121 1387 266 1444 Hinc
281 1385 375 1444 ille
392 1384 566 1443 laetus
590 1382 769 1445 socios
792 1387 1056 1443 convenit
1071 1383 1223 1458 suos,

118 1474 416 1552 Aperitque
431 1472 488 1530 id
512 1491 683 1534 omne
707 1472 855 1551 quod
878 1470 1045 1531 modo
1059 1475 1331 1534 acciderat
1351 1472 1479 1550 fibi;

119 1562 356 1639 Remque
370 1559 610 1639 experiri
632 1557 765 1618 dum
783 1578 925 1617 unus
940 1580 969 1618 e
986 1558 1145 1620 sociis
1164 1564 1335 1641 cupit,

117 1644 199 1704 Ad
223 1645 432 1706 fontem
450 1644 680 1720 accedit,
707 1660 873 1724 atque
895 1649 952 1706 in
977 1647 1151 1707 undas
1176 1647 1363 1725 dejicit

116 1734 340 1793 securim
358 1755 378 1805 ς
405 1730 604 1792 deinde
617 1733 752 1792 flens
778 1735 835 1791 in
856 1735 970 1811 ripa
988 1734 1263 1794 confidet:

119 1821 283 1898 Cujus
306 1822 399 1880 ubi
423 1817 636 1880 causam
660 1819 823 1880 flendi
844 1819 1060 1882 rescivit
1073 1830 1250 1900 Deus,

116 1910 339 1968 Securim
361 1906 541 1968 defert
565 1927 805 1980 auream,
835 1925 890 1967 et
908 1929 976 1968 an
1002 1912 1132 1970 haec
1150 1909 1211 1970 fit
1235 1927 1415 1989 rogat,

116 2002 279 2071 Quam
296 1993 562 2076 perdidit=
588 2014 709 2056 eam
727 2016 851 2055 cum
872 1994 1021 2056 suam
1035 1996 1140 2057 ess'e
1161 1997 1396 2073 diceret;

117 2086 438 2157 Mercurius,
462 2083 692 2159 cognita
707 2084 826 2161 ejus
850 2082 1213 2162 impudentia,

118 2174 301 2252 Neque
319 2190 542 2231 auream
558 2168 663 2247 illi,
693 2190 873 2250 neque
894 2173 1062 2230 etiam
1081 2167 1227 2234 suam
1244 2171 1415 2231 dedit.

814 2350 975 2405 XXI.

590 2521 874 2579 Munus
907 2537 993 2581 ετ
1022 2525 1196 2582 Mus,

106 2622 457 2742 REtentus
477 2619 612 2679 olim
626 2622 804 2679 caeeis
820 2620 1138 2700 laqueorum
1153 2623 1298 2683 dolis

257 2707 472 2768 Miluus
493 2708 683 2766 inanes
704 2705 1017 2768 effundebat
1038 2713 1298 2790 impetus.

106 2793 175 2849 Ut
193 2803 396 2874 corpus
415 2793 546 2854 inde
567 2792 782 2868 liberet,
804 2796 883 2854 nil
900 2816 1016 2856 non
1034 2802 1167 2875 agit,

104 2883 183 2937 Ira
203 2896 259 2940 et
280 2881 474 2942 furore
497 2879 743 2952 validus;
780 2898 837 2941 et
850 2883 930 2941 nil
946 2883 1192 2964 proficit=

101 2966 268 3043 Cujus
291 2971 534 3030 laborem
554 2974 685 3028 Mus
700 2968 862 3028 viden
872 2991 920 3045 s,
942 2969 1189 3032 misertus
1206 2969 1311 3043 est;

100 3053 308 3116 Abrofis
328 3076 462 3136 ergo
486 3055 650 3116 deute
662 3060 853 3118 crebro
869 3059 1123 3134 vinculis,

876 3144 925 3204 Β
