2226 3644
478 257 547 303 00
715 244 1246 298 FABULARUM
1284 243 1859 303 A'EsorxARUM.

1177 423 1422 487 XX02

839 604 1149 660 Amcumt
1182 616 1219 658 ε
1233 616 1272 657 τ
1299 602 1510 658 Ancrt.
1525 598 1674 661 ωεϊ

469 688 771 806 ANieula
789 688 1017 749 habebat
1039 684 1222 768 plures
1245 684 1491 746 Ancillas
1514 685 1708 762 domi}

620 768 830 857 Easque
844 773 914 835 ad
927 790 1149 834 cantum
1165 771 1310 833 Galli
1324 771 1627 851 gallinacei,

469 863 763 947 Qensfibi
779 863 848 925 ad
864 860 1097 942 idipsum
1120 860 1387 935 nutribat,
1405 860 1655 942 quotidie

470 953 596 1035 Ipsa
611 952 906 1027 excitabat,
926 963 1222 1029 antequam
1243 946 1555 1023 lucesceret,

469 1047 549 1101 Ut
569 1038 809 1101 facerent
823 1057 984 1119 opus.
1027 1040 1108 1095 —At
1120 1035 1243 1095 illae
1261 1050 1445 1096 motae
1456 1034 1701 1116 deniqne

471 1125 798 1209 Qotidiani
817 1123 998 1185 taedio
1013 1123 1248 1202 negotii,

472 1221 819 1277 obtruncant
840 1210 1079 1283 Gallum,
1104 1210 1405 1289 sperantes,
1425 1210 1532 1270 hoc
1544 1225 1799 1290 mortuo,

473 1310 545 1365 In
562 1302 789 1362 multam
812 1297 918 1359 sese
929 1297 1259 1358 dormituras
1274 1298 1393 1376 jam
1406 1294 1550 1358 diem
1564 1318 1584 1357 a

470 1388 575 1451 Sed
588 1390 755 1468 longe
767 1407 952 1447 earum
973 1384 1120 1466 spem
1136 1383 1325 1446 fefellit
1344 1384 1526 1445 exitus
1543 1405 1562 1457 ς

473 1485 626 1538 Hera
648 1494 905 1555 namque,
926 1471 1207 1553 postquam
1230 1471 1421 1531 Gallus
1445 1469 1654 1531 occisus
1669 1469 1801 1549 fuit,

473 1569 652 1626 Nocte
665 1560 974 1642 intempesta
986 1558 1199 1639 surgere
1218 1579 1310 1620 eas
1327 1560 1580 1638 deinceps
1597 1558 1776 1637 jubet.

562 1649 822 1712 Mortales
838 1647 1066 1727 aliquod
1079 1649 1282 1706 evitare
1294 1644 1424 1706 dum
1440 1644 1653 1706 student
1791 1662 1794 1667 ·

473 1745 622 1801 Leve
643 1737 869 1817 malum,
899 1737 961 1796 in
983 1732 1129 1796 aliud
1144 1733 1293 1815 saepe
1304 1734 1528 1813 gravius
1542 1731 1818 1795 incidunt.

1172 1914 1332 1969 XXI.

810 2078 1025 2145 Vom'l
1039 2103 1093 2158 s,
1117 2089 1386 2152 Asinus,
1413 2100 1495 2141 ετ
1521 2088 1681 2143 Lao.

528 2178 583 2234 N
604 2171 770 2234 saltus
791 2191 1077 2233 nemorum
1093 2169 1285 2231 devios
1300 2168 1667 2250 processerant

570 2259 794 2342 Vulpis,
818 2256 1138 2339 Afinusque,
1158 2271 1490 2316 venarentur
1505 2272 1567 2317 ut
1582 2255 1758 2318 fimnl.

472 2355 623 2410 Dum
645 2345 918 2409 curfitaret
947 2346 1163 2426 Vulpis„
1184 2347 1423 2404 occurrit
1443 2351 1588 2417 Le03

472 2441 662 2516 thue
685 2434 775 2495 illa
796 2434 936 2495 vidit
955 2435 1250 2494 imminens
1267 2432 1585 2510 periculum,

473 2523 706 2585 Accedit
717 2522 782 2582 ad
803 2529 1069 2595 Leonem,
1088 2535 1146 2579 et
1162 2518 1408 2598 pollicita
1423 2517 1496 2578 est
1510 2520 1580 2589 ei,

472 2609 700 2673 Afinum
716 2610 986 2688 continuo
1008 2606 1330 2668 traditur-am
1345 2604 1397 2667 se
1417 2604 1558 2684 fore,

472 2707 556 2760 Im
563 2701 856 2778 punitatem
871 2694 909 2755 fi
925 2697 1270 2773 promitteret
1284 2692 1377 2753 fibi
1392 2714 1410 2752 t

473 2790 584 2866 Qi
602 2809 722 2847 cum
742 2786 885 2844 illam
910 2781 1015 2843 sese
1029 2779 1363 2844 dimiss'urum
1383 2778 1619 2852 dioeret;

473 2876 694 2934 Afinum
719 2865 925 2933 scelesta
945 2872 1005 2930 in
1021 2868 1185 2929 caffes
1209 2870 1481 2928 incautum
1504 2868 1671 2926 trahit
1686 2888 1709 2928 a

471 2962 573 3023 Sed
593 2964 739 3022 hunc
761 2957 997 3038 effugere
1014 2979 1132 3020 non
1147 2953 1294 3038 polse
1310 2971 1373 3016 ut
1387 2961 1503 3016 Leo
1518 2953 1690 3033 videt,
