2226 3644
388 296 391 299 ,
576 249 884 300 LIBER
960 251 1359 310 PRIMUS.

157 340 277 408 Nili
289 339 447 426 quod
463 356 554 404 tot
566 341 714 403 ranis
734 342 951 424 aliquot
969 342 1351 423 intermiscuit,

160 433 462 494 Subtilibus
477 450 622 511 quae
634 428 799 510 fignis
809 432 925 509 jam
941 433 1338 513 praenuntiant

163 522 598 602 corruptionem
612 540 634 579 ι
663 524 783 600 qno
793 518 960 596 fodio,
981 534 1176 581 natum
1188 536 1356 583 vocat
1370 544 1392 599 ;

146 613 238 670 ·Et
249 612 360 672 hoe
374 607 526 679 leve,
548 609 753 688 inquit,
775 610 977 688 pignus
993 610 1134 669 habe
1146 610 1356 672 amoris
1375 612 1512 675 mei.
1607 654 1612 659 -

162 703 390 775 Laetus,
412 694 862 778 gratusquefilius
878 696 1088 759 donum
1105 698 1285 776 eapit3

162 790 304 847 Mox
315 799 373 845 et
386 782 868 865 seiendte'upidus,
891 803 1027 865 quaa
1047 784 1245 844 habeat
1259 804 1422 867 opes,

160 877 305 933 Dum
320 869 536 934 curiose
551 888 823 947 numerat,
844 888 1016 953 atque
1027 874 1335 949 examinat,

161 964 405 1042 Repente
419 959 649 1021 clamat:
672 963 813 1019 heu!
848 960 982 1040 qnid
997 959 1191 1030 stcisti,
1213 961 1406 1039 pater?

164 1053 273 1107 Cur
289 1046 563 1109 insincera
583 1046 832 1108 mistuisti
852 1050 940 1108 his
960 1048 1227 1127 integris?

163 1140 246 1196 Ne
259 1156 519 1217 querere,
541 1134 651 1196 filia
680 1154 805 1196 eum
825 1136 983 1196 malis
1006 1135 1155 1197 suam
1170 1139 1323 1198 bona

160 1225 582 1286 Communicare
601 1221 883 1283 sanitatem
901 1227 1188 1285 noverint.

160 1315 297 1381 Imo‚
322 1314 553 1390 reponit
572 1310 691 1388 ille,
714 1330 858 1390 quae
872 1311 1020 1371 bona
1041 1309 1168 1372 sunt
1184 1311 1382 1390 modo,

159 1401 313 1460 Brevi
334 1399 615 1459 malorum
633 1398 777 1458 mala
792 1396 927 1459 fient
947 1396 1254 1461 consortio.

159 1487 257 1546 Nil
273 1502 335 1546 tu
354 1490 508 1563 time,
532 1489 785 1566 inquam,
815 1500 977 1560 nate;
1020 1487 1113 1546 vel
1136 1489 1244 1548 hoe
1273 1488 1410 1547 mihi
1422 1487 1666 1572 denique

158 1574 431 1645 Concede,
453 1591 518 1634 ut
532 1577 898 1654 experimur,
919 1592 1085 1654 quem
1111 1594 1198 1634 res
1214 1577 1426 1637 exitum

156 1664 373 1721 Habere
388 1661 567 1741 possit.
616 1667 794 1721 Natus
810 1662 892 1721 nil
908 1660 1037 1721 dum
1053 1659 1353 1743 suspicans,

159 1755 281 1826 Quo
305 1749 644 1818 tenderetur,
665 1748 794 1810 lieet
814 1750 1047 1819 invitus,
1075 1751 1299 1811 annuit.

159 1841 304 1916 Ergo
319 1836 598 1900 obseratur
616 1835 842 1910 eistu1a3
890 1835 1168 1918 clavisque
1183 1839 1245 1899 in
1267 1858 1465 1900 manus

157 1928 333 1986 Datur
348 1927 616 2005 parentis,
641 1923 754 2007 ipse
767 1923 943 1985 adeffe
961 1924 1093 1985 dum
1110 1925 1245 1986 velit

157 2012 447 2074 Reserandi
469 2011 705 2094 tenipus.
750 2014 981 2073 Interim
997 2014 1293 2093 impatiens
1307 2032 1517 2089 morae,

157 2105 365 2160 Patrem
390 2098 577 2181 usque,
604 2114 664 2159 et
678 2097 848 2180 usque
867 2098 1072 2159 blanda
1089 2098 1345 2161 sollicitat
1363 2122 1547 2182 prece,

156 2190 478 2269 Tentatque
494 2188 670 2249 facere
686 2205 870 2262 natus,
893 2207 964 2247 ne
985 2185 1195 2247 diutius

155 2279 392 2335 Vetetur
414 2276 609 2352 visere,
640 2293 756 2357 quo
778 2274 902 2335 suae
924 2274 1030 2333 fint
1045 2295 1134 2335 res
1157 2275 1306 2336 loeo.

156 2365 335 2423 Nimis
352 2365 634 2442 inquietus
651 2360 786 2443 quid
802 2378 853 2422 te
876 2360 1068 2423 frustra
1090 2383 1355 2436 maceras,

155 2452 354 2509 Aiebat
374 2451 466 2510 ille
488 2452 510 2510 ἓ
552 2452 691 2530 quin
710 2453 920 2530 potius,
944 2449 1094 2529 quod
1112 2466 1172 2510 tu
1203 2452 1380 2529 cupis,

152 2540 293 2598 Fieri
311 2537 444 2597 dum
459 2538 641 2614 liceat,
667 2534 888 2597 sustines
910 2555 1125 2598 moram
1148 2539 1413 2598 brevem?

153 2634 229 2685 At
244 2646 393 2695 ecce,
417 2621 701 2706 postquam
718 2623 922 2684 distulit
944 2624 1072 2685 satis
1090 2626 1209 2695 diu,

152 2711 405 2772 Tandem
427 2711 626 2773 veniffe
641 2714 861 2772 nuntiat
878 2729 1128 2792 optatum
1144 2712 1314 2785 diem,

148 2799 436 2880 Simulque
449 2801 651 2862 clavim
666 2799 834 2860 tradit
853 2824 870 2860 ε
915 2799 1010 2860 illa
1031 2798 1247 2878 segnius

151 2888 387 2948 Videtur
409 2885 777 2948 obsecundare
790 2887 871 2947 isti
897 2887 1236 2967 improvido,

149 2985 314 3035 Suum
331 2977 610 3054 expetenti
636 2995 856 3035 cernere
878 2976 1042 3034 citius
1062 2975 1296 3034 malum:

154 3070 297 3125 Nam
324 3065 421 3125 vix
439 3079 625 3146 aperta
644 3061 719 3124 est
742 3062 926 3124 cistula
946 3082 965 3135 3
1014 3063 1295 3142 ingentem
1310 3057 1461 3122 videt
