2226 3644
476 264 504 300 2
683 246 1226 297 FABULARUM
1265 243 1828 296 AESOPIARUM

472 337 777 420 Videtque,
798 337 1132 419 gaudetque,
1159 351 1223 397 ut
1240 344 1440 415 Jovem
1466 334 1688 417 quidem
1710 336 1866 401 decet
1879 360 1905 417 ς

476 435 563 488 Ita
581 442 765 488 tamen
782 425 1007 504 gaudet,
1027 440 1092 486 ut
1102 428 1384 486 hominem
1404 439 1542 486 tunc
1561 425 1790 488 diceres-

478 522 697 577 Interea
720 533 957 575 amoeno
978 516 1155 574 cincta
1176 514 1542 594 nympharum
1565 532 1729 591 grege

480 609 694 663 Natura
709 601 903 678 stabat,
925 601 1209 682 proprium
1232 598 1508 660 admirans
1530 620 1672 682 opus
1689 621 1709 660 t
1797 606 1798 611 ’

483 689 662 752 Oculo
685 688 857 770 sagaci
885 689 1141 770 perspicit
1167 686 1486 769 aliquandiu

483 781 734 855 Penitus,
757 775 1100 858 penitusque,
1125 772 1381 852 sollicita,
1407 795 1477 834 ne
1494 773 1630 856 quid
1651 770 1751 836 suo

482 868 715 927 Decoris
733 867 961 926 alumno
975 862 1130 938 defit,
1152 862 1347 923 ultima
1363 862 1515 944 quod
1533 883 1733 924 manus

484 954 737 1034 Adjicere
755 955 932 1033 possit.
978 950 1065 1012 Ad
1081 948 1235 1011 suum
1252 948 1540 1030 postquam
1561 954 1756 1013 omnia

483 1047 691 1102 Exacta
711 1040 922 1119 gustum
945 1038 1247 1099 convenire
1265 1038 1546 1116 intelligit,

485 1134 668 1189 Decus
686 1149 887 1200 meum,
912 1128 1120 1207 inquit,
1148 1124 1323 1186 cresce
1344 1127 1387 1185 ὂ
1403 1124 1645 1200 Lilium;
1689 1147 1834 1203 mea,

489 1216 701 1291 Cresce,
738 1218 777 1275 ὁ
801 1215 1057 1297 voluptas
1075 1236 1097 1287 ;
1142 1215 1466 1294 tequejam,
1504 1230 1784 1295 quotquot
1803 1215 2014 1280 micant

490 1310 558 1363 In
582 1308 714 1364 orbe
730 1304 914 1373 fioreS,
957 1303 1138 1380 capite
1153 1297 1426 1361 summisso
1450 1301 1664 1362 colant.

489 1393 686 1465 Dixit3
733 1389 1018 1471 statimque
1038 1386 1213 1466 seligit
1224 1386 1384 1448 fidam
1401 1391 1434 1446 ὲ
1459 1387 1569 1447 suis

490 1480 802 1539 Comitibua
817 1498 1005 1553 unam,
1027 1477 1358 1558 praevalenti
1375 1496 1630 1557 corpore,

487 1567 800 1647 Vultuque,
816 1564 1058 1635 Floram,
1074 1561 1334 1639 candido,
1351 1579 1408 1622 et
1433 1563 1797 1626 rubicundulo
1814 1588 1837 1643 ς

490 1659 565 1713 Et
577 1655 725 1714 Lilio
746 1654 843 1713 uni
865 1651 973 1713 fida
987 1651 1299 1725 famuletur,
1334 1652 1516 1729 jubet,

489 1740 764 1824 Curasque
785 1739 982 1801 alendo
1003 1737 1182 1800 sedula
1198 1758 1391 1799 omnes
1416 1737 1688 1800 conferat.

489 1836 571 1890 At
590 1829 706 1905 illa,
726 1844 887 1890 tanto
901 1832 1118 1889 honore
1137 1826 1406 1907 gaudens,
1426 1827 1607 1903 exilit,

491 1915 770 1998 Simulque
791 1919 988 1995 retegit
1006 1920 1219 1976 neelare
1241 1914 1438 1995 plenos
1457 1914 1627 1990 finus,

486 2003 792 2085 Succosque
805 2000 1010 2079 fundit,
1031 2023 1202 2086 quos,
1229 2002 1398 2063 futuri
1420 1999 1708 2084 praesciae,

494 2100 618 2171 Jatn
643 2108 1027 2173 praepararant
1049 2106 1212 2151 antea
1233 2092 1369 2150 Vita
1390 2105 1446 2149 et
1467 2091 1638 2149 Salus.

581 2178 783 2241 Fabula
799 2201 914 2262 quo
927 2177 1147 2262 spectet,
1173 2193 1292 2238 tota
1309 2177 1453 2238 dicet
1467 2176 1665 2238 Gallia.

1245 2357 1322 2411 11.

926 2530 1234 2586 Foamrca
1262 2544 1343 2587 1:1-
1370 2529 1653 2586 thann.

496 2633 804 2748 Maeni
844 2613 1046 2673 laboris
1076 2612 1307 2673 formica
1341 2614 1580 2692 patiens,
1614 2633 1760 2695 opus

680 2700 895 2762 Aestate
909 2717 1025 2763 tota
1040 2698 1259 2775 fecerat,
1280 2702 1493 2780 hyemis
1509 2721 1753 2774 memor;

496 2795 839 2867 Frugemque
857 2790 1083 2849 multam
1105 2791 1164 2847 in
1186 2791 1443 2848 horreum
1470 2788 1822 2867 congestet-at.

496 2875 697 2934 Cicada
712 2896 882 2956 puros
898 2876 1118 2936 interim
1135 2875 1247 2935 dies
1265 2874 1435 2948 sonis,

497 2964 644 3022 Male
667 2962 863 3034 otiosa,
894 2962 1131 3023 stridulis
1154 2961 1469 3036 indulserat,

494 3052 594 3111 Nil
607 3050 908 3133 providens
931 3051 1066 3134 quid
1087 3048 1286 3112 deinde
1308 3065 1601 3114 venturum
1616 3049 1781 3112 foret.
