2226 3644
780 401 1901 503 FABULARUM

542 619 2118 772 AESOPIARUM

744 875 1157 942 LIBER
1247 882 1906 960 TERTIUS.

983 1102 1633 1158 PROLOGUS.

652 1253 887 1329 Abellae,
908 1257 978 1315 ab
1001 1255 1117 1336 ipso
1134 1276 1273 1336 quas
1295 1259 1485 1342 Aesopi
1503 1264 1734 1327 nomine

692 1342 871 1404 Nostri
895 1345 1099 1421 priores
1122 1344 1382 1406 dixerunt
1403 1349 1683 1431 Aesopias,

512 1425 768 1490 Placuere
784 1430 971 1511 priscis
999 1436 1254 1493 Graeciae
1268 1435 1458 1495 doetae
1479 1440 1642 1515 viris,

507 1515 874 1598 Summisque:
900 1539 1000 1578 nec
1014 1540 1104 1579 eas
1115 1565 1130 1591 ,
1154 1536 1411 1601 tanquam
1427 1525 1598 1585 aniles
1613 1530 1860 1610 naeniae,

505 1601 881 1666 Infantibusve
903 1609 1083 1685 pueris
1107 1610 1411 1670 vendibiles
1436 1613 1625 1691 jocos,

504 1694 630 1750 Con
637 1691 848 1772 tempfit
878 1694 982 1753 uua
997 1691 1156 1754 doaa
1168 1718 1303 1774 gens
1317 1701 1653 1764 mortalium.

502 1780 659 1838 Pater
670 1785 1000 1860 sophorum,
1026 1803 1258 1863 magnus
1275 1785 1363 1845 ille
1379 1794 1624 1850 Socrates

500 1870 716 1945 Dignas
734 1871 963 1947 putavit,
991 1889 1130 1949 quas
1150 1874 1346 1952 poliret
1364 1875 1601 1937 verfibus
1616 1899 1635 1937 a

497 1953 881 2037 Suffragioque
908 1960 1106 2016 muniit
1129 1959 1411 2039 postquam
1440 1962 1561 2039 suo,

496 2047 616 2104 Has
629 2041 853 2121 effejam
870 2046 1130 2105 omnibus
1154 2050 1536 2127 approbandas
1562 2055 1686 2133 quis
1709 2058 1914 2138 neget?

588 2131 757 2205 Igitur
772 2133 1074 2205 materiam,
1102 2155 1268 2213 quam
1292 2138 1423 2197 mihi
1447 2136 1715 2223 sumpfiin
1731 2166 1953 2225 manus,

495 2216 804 2279 Festivitate
816 2216 1023 2279 liberali
1046 2242 1172 2280 cum
1188 2220 1350 2284 sciam

492 2304 734 2378 Pollere3
765 2324 820 2364 et
844 2303 946 2365 effe
961 2311 1206 2370 moribus
1227 2312 1391 2370 etiam
1415 2312 1634 2392 utilem3

490 2395 656 2451 Hanc
671 2414 773 2471 ego
791 2413 984 2454 cavere
1006 2396 1298 2473 diligenter
1316 2398 1503 2476 debui,

487 2484 577 2538 Ne
590 2480 675 2540 cul
681 2501 748 2559 pa
771 2483 952 2539 tenuis
976 2485 1159 2561 ingeni
1179 2506 1583 2567 corrumperem
1600 2514 1619 2553 ε

486 2572 674 2645 Atque
695 2570 780 2627 his
800 2567 1064 2647 profeRo,
1087 2570 1412 2652 caeterisque
1430 2575 1651 2649 fabulis,

484 2651 863 2733 Quascumque
884 2655 1088 2732 fingere
1103 2662 1355 2739 experiar
1376 2665 1598 2724 Phaedri
1621 2665 1780 2747 stylo,

486 2744 767 2815 Conabor‚
790 2742 905 2801 uno
929 2743 1012 2802 sed
1027 2744 1138 2804 fine
1161 2747 1349 2808 labore
1365 2753 1561 2826 anxio,

480 2829 579 2889 Uti
599 2827 750 2890 suum
765 2829 895 2892 adfit
919 2854 1037 2893 non
1061 2834 1456 2898 inconveniens
1468 2837 1656 2902 decus.
