2226 3644
442 242 473 285 ί
672 236 1202 288 FABULARUM
1243 234 1819 292 AESOPIARUM.

443 330 750 403 Nitentem,
777 344 959 390 totum
976 326 1215 389 crederet
1233 326 1598 391 venustulum.

440 415 597 475 Adeo
610 413 684 473 est
705 431 987 476 amantum
1005 436 1165 477 caeca
1180 410 1455 476 deliratio!

439 505 733 582 Etiamque
751 507 926 564 tinctu
949 501 1210 581 infignem
1227 505 1395 565 rubro
1407 501 1621 567 fasciam

440 589 531 650 Ad
552 590 674 667 ejus
697 590 900 651 collum
919 590 1111 651 stultus
1132 591 1472 670 alligaverat.

439 678 541 737 Sed
563 680 653 737 hic
671 676 931 759 superbus
952 695 1154 738 ornatu
1173 699 1329 739 novo
1352 679 1591 742 additam

440 766 552 824 Sibi
567 780 718 824 ratus
734 764 836 827 effe
849 768 1041 826 miram
1058 764 1539 846 pulchritudinem,

443 858 584 912 Cum
603 850 654 911 se
669 870 892 933 repente
911 851 1224 913 contuliss'et
1237 851 1305 912 ad
1320 851 1483 927 suos;

443 946 650 1000 Omnes
673 939 739 999 ad
756 961 926 999 unum
942 938 1210 1000 concordi
1230 939 1382 1000 fimul
1409 942 1615 1022 impetu

443 1034 512 1088 In
537 1048 659 1087 eum
682 1032 936 1102 ruerunt,
963 1026 1151 1087 rostris
1171 1043 1227 1086 et
1245 1029 1616 1107 pungentibus

446 1117 796 1176 Ferocientes
812 1115 935 1174 diro
954 1113 1293 1175 indulserunt
1307 1116 1463 1192 joco.

537 1204 580 1280 †
626 1208 782 1273 Loco
803 1200 876 1262 est
892 1203 1230 1281 ignominiae
1244 1205 1427 1264 honor
1443 1203 1673 1282 indigno
1689 1202 1876 1265 datus.

1176 1384 1282 1440 x1.

825 1557 1058 1613 Simus
1089 1571 1127 1612 ε
1141 1571 1177 1612 τ
1209 1556 1632 1613 Hmnunws.

451 1636 842 1777 Hlnnuleus
865 1638 1020 1712 olim,
1043 1639 1344 1718 Simiusque
1362 1638 1493 1699 dum
1514 1642 1752 1701 invicem

629 1736 894 1804 Jocantur
911 1750 930 1800 ;
977 1727 1068 1786 ille
1082 1728 1247 1805 genio
1263 1725 1510 1805 induiget
1521 1729 1819 1801 innocens,

451 1822 751 1896 Unumque
766 1812 990 1897 fimplex
1004 1816 1063 1874 in
1091 1816 1229 1894 joco
1251 1818 1462 1895 quaerit
1478 1814 1708 1894 jocum:

449 1904 550 1964 Sed
574 1906 729 1975 alter,
753 1905 916 1962 etiam
938 1901 1150 1978 ludam,
1177 1904 1423 1963 innatam
1440 1901 1537 1964 fibi

450 1992 721 2053 Malitiam
744 1992 1030 2050 continere
1046 2011 1163 2049 non
1175 1988 1350 2072 potest
1362 1989 1484 2067 diu,

452 2084 532 2140 Et
545 2079 611 2138 ad
627 2078 794 2158 usque
809 2082 1000 2138 vivum
1014 2076 1178 2138 dente
1192 2098 1438 2158 pungens
1454 2075 1668 2158 perfido

451 2166 723 2228 Hinnulei
745 2164 1029 2224 delicatam
1049 2163 1251 2225 sauciat
1263 2182 1479 2235 cutem3

454 2256 566 2333 Qi
583 2251 737 2313 fimul
751 2255 1003 2312 acen-bans
1016 2253 1250 2330 ejulatu,
1273 2253 1487 2311 fletibus

452 2339 676 2402 Sensum
693 2339 926 2414 doloris,
949 2342 1078 2398 hinc
1099 2343 1217 2399 cito
1234 2340 1367 2419 pede
1381 2336 1634 2415 confugit

456 2434 696 2488 Cet-vum
717 2426 782 2486 ad
798 2443 1098 2506 parentem,
1122 2427 1491 2506 defluentique
1507 2423 1749 2486 offerent

454 2521 664 2576 Cruore
685 2516 912 2572 tinetam
927 2516 1177 2593 corporis
1196 2528 1430 2595 partem,
1451 2534 1522 2573 en
1536 2512 1714 2582 vides,

454 2603 652 2676 Vides,
674 2604 811 2660 heu!
841 2598 1059 2675 clamat,
1083 2622 1169 2661 me
1184 2599 1434 2660 miserum
1462 2615 1651 2660 natum
1670 2613 1828 2660 tuum

455 2689 639 2751 Malus
656 2687 750 2747 iste
766 2703 954 2766 agyrta
976 2708 1089 2766 quo
1104 2689 1413 2747 tractaverit
1429 2687 1599 2748 modo
1611 2709 1629 2745 ε

458 2785 634 2852 Quam
654 2773 754 2834 nifi
784 2790 842 2833 tu
857 2788 1094 2834 atrocem
1118 2774 1370 2836 vindicas
1391 2775 1672 2851 injuriam,

456 2872 633 2937 Pater,
655 2863 737 2921 uti
756 2860 960 2939 justum
977 2860 1070 2936 est,
1098 2862 1274 2921 hercle
1289 2862 1423 2942 perii
1443 2861 1691 2921 funditus
1705 2882 1723 2918 ε

456 2955 711 3028 Namque
726 2950 834 3008 hoc
847 2947 1006 3009 abiffe
1022 2951 1249 3029 impunc
1263 2947 1548 3030 postquam
1568 2947 1796 3023 viderit,

452 3059 484 3121 ’ς
502 3057 560 3108 Ρ.
573 3055 667 3123 Syri
685 3055 870 3106 Sentent.
902 3055 1039 3109 Loco
1055 3055 1333 3123 ignominiae
1347 3053 1414 3106 cst
1428 3051 1559 3123 apud
1575 3050 1829 3120 indignum
1845 3051 2068 3118 dignitas.
