2226 3644
542 250 845 304 LIBER
888 248 1393 296 ·TERT1US.

808 409 1082 465 XXXVI.

621 519 909 576 Honnus
935 532 1018 570 ετ
1042 515 1273 570 Luras.

156 610 513 749 HOEdilis
533 606 653 691 ipso
676 623 829 667 tutus
844 607 906 665 in
919 603 1134 683 fastigio

330 709 474 761 Cum
490 697 649 758 staret
675 693 926 769 Hoedus,
949 692 1079 751 inde
1094 687 1359 772 prospicit
1381 695 1629 775 Lupum,

158 791 273 871 Qi
286 788 628 871 praeteriret}
657 806 721 843 ac
739 782 915 853 fimul,
938 793 1207 859 quantum
1227 777 1421 857 potest,

163 877 487 939 conviciari
503 872 706 952 coepit.
753 864 1065 947 Respondet
1080 872 1274 944 Lupus
1288 889 1308 925 ε

161 973 298 1030 Non
313 982 399 1041 tu,
422 961 513 1021 sed
536 959 629 1018 iste
643 978 795 1018 nunc
808 957 966 1016 locus
982 952 1166 1013 illudit
1180 955 1337 1012 mihi.

250 1053 499 1116 Audacia
514 1047 666 1108 nulla
677 1043 775 1121 est,
797 1043 1013 1104 nullum
1031 1042 1123 1101 ubi
1145 1038 1468 1122 perleulum.

790 1202 1095 1259 XXXVII.

583 1311 904 1366 'reniet-:u
938 1324 1019 1362 ετ
1044 1307 1326 1363 Hostes.

347 1393 573 1476 Elapsus
595 1393 656 1453 in
682 1393 930 1452 viarices
957 1389 1206 1449 Hostium
1225 1410 1421 1451 manus

176 1409 340 1561 D
389 1485 671 1555 Tubicen,
691 1482 938 1557 rogabat,
964 1479 1319 1537 innocentem
1337 1476 1388 1537 se
1402 1480 1587 1542 virum

167 1581 248 1634 Ut
271 1593 366 1648 ne,
396 1570 547 1651 quod
567 1567 745 1628 facere
760 1568 875 1644 jam
893 1565 1179 1646 parabant,
1201 1567 1519 1636 caederent3

169 1669 246 1724 Et
261 1663 568 1727 hominem',
596 1657 796 1728 aiebat,
816 1652 994 1714 occidi
1023 1673 1267 1733 unquam
1286 1655 1556 1713 neminem
1574 1674 1598 1729 ς

169 1757 362 1832 anue
381 1746 514 1820 sola,
541 1763 705 1826 quam
723 1743 898 1800 libens
923 1739 1152 1810 tradam,
1182 1741 1313 1800 tuba

172 1847 242 1902 In
267 1856 427 1897 auras
441 1833 683 1914 spargere
697 1828 883 1889 futiles
904 1828 1068 1889 didici
1094 1827 1282 1889 sonos.

171 1927 379 1987 Atilii:
407 1924 626 1982 meritae
648 1933 709 1978 tu
737 1934 921 1977 tamen
943 1918 1233 1976 occumbes
1257 1916 1399 1988 neci,

175 2021 417 2092 Hocque
430 2009 602 2086 magis
622 2008 810 2079 etiam,
838 2003 991 2084 quod
1012 2002 1294 2082 pugnandi
1317 2001 1383 2062 fis
1402 2001 1533 2063 licet

176 2099 297 2182 Ipse
313 2101 622 2178 imperitus,
649 2095 787 2154 alios
805 2094 871 2152 ad
895 2111 1135 2171 pugnam
1151 2091 1383 2150 excites.

268 2185 485 2247 Fabella
506 2180 764 2254 ostendit,
791 2183 940 2239 hunc
968 2179 1066 2257 qui
1082 2177 1312 2255 impellit
1330 2177 1395 2235 ad
1414 2178 1619 2238 malum

182 2274 310 2338 Plus
335 2291 562 2355 peccare
582 2265 723 2350 ipso,
745 2270 842 2347 qui
863 2263 1062 2326 malum
1085 2265 1215 2323 inde
1242 2280 1531 2345 perpetrat.

775 2424 1106 2480 XXXVIII.

545 2535 927 2588 Accium-ER
959 2545 1040 2583 ιτ
1074 2529 1397 2584 Ουευιυε.

189 2616 537 2753 CUculum
559 2615 756 2676 amaris
783 2616 1157 2691 increpaverat
1177 2612 1326 2687 jocis

345 2707 647 2784 Accipiter,
668 2699 763 2780 ips·
782 2699 933 2779 quod
958 2719 1113 2778 pares
1141 2717 1455 2777 quanquam
1479 2693 1626 2756 dedit

189 2798 405 2853 Natura
425 2793 570 2852 vires
585 2790 858 2868 corporis,
881 2789 1069 2844 animo
1087 2801 1267 2842 tamen

189 2883 455 2959 Dejeetus
472 2879 689 2951 humili,
711 2873 851 2935 vesci
868 2872 1022 2931 malit
1045 2873 1340 2938 vermibus,

192 2977 376 3044 Quam
397 2987 586 3026 carnes
604 2965 788 3023 avium
809 2962 1001 3019 habere
1022 2957 1209 3018 suaves
1233 2959 1291 3015 in
1308 2959 1484 3016 cibos.

196 3057 390 3116 Paucis
415 3054 605 3114 diebus
624 3048 822 3111 deinde
848 3044 1143 3115 tranlae‘tiS,
1165 3043 1317 3106 videt

1695 248 1767 296 61
