2226 3644
550 227 859 278 LIBER
936 226 1411 281 TERTIUS.

883 405 1017 461 XI&-

577 584 673 640 Λιι
693 588 870 638 Anu
899 593 975 636 ιτ
998 572 1348 637 Humano.

171 673 484 784 ARranea
508 666 793 748 quondam
808 662 1076 724 exarserat
1100 665 1158 723 in
1176 663 1571 747 Hirundin'em,

315 767 487 831 Irata,
515 751 752 824 muscas,
780 751 924 814 vesci
939 753 1142 831 quibus
1157 750 1268 832 ipsa
1288 751 1500 837 affolet,

175 845 340 924 Quod
368 844 462 905 ina
478 859 693 924 caperet
713 861 808 901 ore
826 838 997 899 furaci
1020 839 1245 899 volans.

172 940 322 1012 Ergo
338 930 614 993 vindiflae
636 928 855 1010 cupida,
876 949 1000 1002 nec,
1022 948 1108 987 res
1125 929 1337 988 exitum

171 1029 353 1102 Qem
370 1018 434 1080 fit
448 1018 698 1078 habitura
719 1017 977 1095 denique,
998 1012 1122 1074 {iuis
1143 1017 1473 1100 provident,

172 1108 427 1170 Textilia
438 1106 506 1166 ad
522 1104 655 1164 altas
672 1106 804 1164 retia
822 1100 1089 1183 suspendit
1106 1101 1276 1178 fores,

176 1205 301 1274 Qua
324 1193 612 1277 pervolare
635 1190 783 1271 saepe
799 1193 1074 1250 inimicam
1092 1204 1346 1253 noverat.

175 1286 483 1345 Enimvero
505 1281 596 1340 illa
608 1281 918 1339 concitatos
943 1281 1177 1359 impetus

176 1379 319 1433 Mox
338 1367 656 1430 advolando
670 1370 776 1425 huc
794 1367 1007 1444 dirigit3
1034 1363 1120 1424 sed
1144 1367 1297 1435 retia,

177 1462 618 1536 Textricemque
637 1452 790 1515 fimul
810 1473 930 1512 aera
952 1473 1047 1532 per
1068 1453 1307 1512 medium
1327 1455 1495 1533 rapit,

178 1550 479 1626 Por-tatque¹
503 1563 604 1603 nec
627 1544 765 1602 novi
789 1542 974 1600 oneris
996 1541 1296 1620 quidquam
1324 1538 1587 1607 sentiens·

177 1641 355 1695 Tunc
372 1631 560 1693 misera
578 1635 781 1691 trafius
797 1648 895 1709 per
917 1626 1224 1708 profundos
1242 1630 1388 1689 ae‘ris

176 1730 401 1786 Aranea
418 1719 689 1800 pendenS,
718 1720 885 1791 hanc,
906 1718 1002 1784 ait,
1023 1713 1164 1793 juste
1182 1718 1358 1775 vicem

181 1811 481 1890 Experior,
502 1827 707 1886 genera
724 1825 862 1885 quae
877 1803 1182 1864 volantium
1208 1802 1401 1865 infima

182 1903 327 1956 Cum
347 1899 447 1958 vix
461 1896 647 1955 labore
669 1914 870 1971 magno
886 1890 1131 1971 praedari
1148 1912 1373 1972 queam,

185 1991 397 2066 Capere
420 2004 548 2043 aves
565 1980 714 2063 posse
736 1997 846 2040 tam
877 2000 1099 2057 magnas
1129 1982 1458 2058 putaverim.

274 2073 490 2149 Majora
506 2071 715 2130 viribus
729 2068 948 2146 aggredi
978 2068 1119 2126 ratio
1139 2081 1310 2139 vetat,

184 2158 292 2220 Sed
314 2162 480 2236 ratio,
500 2175 557 2218 et
571 2160 663 2218 via
682 2156 815 2237 quid
830 2174 1126 2215 commune
1146 2152 1481 2217 consulunt?

879 2334 1037 2389 XLI.

554 2510 808 2564 mes
840 2523 927 2563 ετ
956 2507 1097 2562 Hert
1117 2520 1403 2563 numus.

197 2593 428 2724 SAmii
448 2612 571 2651 curn
590 2591 792 2650 vellent
811 2591 1002 2650 dedere
1021 2593 1167 2664 neci,
1197 2589 1445 2669 publicae

323 2682 421 2742 Rei
438 2677 833 2754 administrum,
859 2678 1017 2737 furtis
1033 2677 1264 2736 ditatum
1282 2675 1417 2750 suia,

195 2767 445 2848 Aesopus
470 2768 563 2826 tali
584 2766 764 2826 fabula
783 2766 1068 2825 deterruit.

284 2864 344 2916 T
347 2871 517 2915 ettam
536 2856 592 2913 in
614 2855 860 2913 lacunam
875 2851 1016 2911 forte
1028 2850 1232 2930 Vulpis
1260 2846 1459 2910 incidit
1474 2870 1497 2923 ς

196 2951 321 3006 Nec
346 2944 525 3025 potuit
540 2944 713 3013 exire,
735 2939 1009 3020 impeditis
1032 2941 1284 2998 cruribus

194 3036 366 3093 Limo
381 3032 577 3091 tenaci.
626 3034 699 3088 Et
711 3030 853 3089 hanc
869 3024 1023 3086 fimul
1044 3046 1250 3104 magno
1273 3023 1491 3103 agmine
