2226 3644
473 246 545 297 56
674 230 1215 287 FABULARUM
1253 226 1822 282 Azsol’lARtrM·

1190 394 1333 452 x11.

921 506 1184 561 (ἴωσιν.
1214 516 1302 556 ετ
1326 501 1616 557 Vuu’n.

481 596 614 722 SA
625 593 735 650 LU
750 595 812 650 M
835 588 1068 649 deseruit
1089 587 1223 647 olim
1247 591 1481 659 Cancer,
1503 586 1563 642 in
1584 579 1701 642 solo

605 677 858 739 Pascendi
885 676 1137 757 cupidus·
1184 679 1365 749 Quem
1384 673 1585 751 Vulpis
1611 667 1808 752 procul
1829 680 1894 731 nt
1910 664 2063 732 videt
2097 676 2100 683 '

483 762 758 845 Esuriens,
787 764 915 826 illuc
929 764 1168 835 accedit3
1200 777 1256 822 et
1280 780 1402 821 eum
1420 761 1587 838 capit.

483 860 626 924 Nae,
650 854 794 913 dixit
812 851 920 923 ille,
937 850 1080 932 justa
1097 851 1299 932 patior,
1326 849 1446 927 qui,
1468 845 1577 906 salo

458 947 626 1002 ‘Cum
639 940 834 1001 fuerim
852 955 1035 1011 natus,
1059 938 1326 1001 voluerim
1345 932 1465 994 solo
1477 930 1690 1012 ingredi
1705 934 1728 992 1*

572 1037 710 1089 Suus
731 1029 803 1088 est
826 1031 1026 1109 cuique
1039 1026 1156 1106 lege
1178 1024 1371 1086 finitus
1393 1023 1573 1092 locus,

479 1124 659 1200 Qem
681 1121 974 1200 praeterire
994 1113 1103 1177 sme
1125 1111 1332 1197 periclo
1355 1130 1474 1172 non
1491 1107 1642 1170 licet.

1191 1292 1359 1351 x111.

1096 1470 1162 1525 M
1177 1482 1217 1524 u
1233 1481 1259 1522 s
1275 1480 1293 1521 1
1316 1480 1350 1522 c
1366 1482 1409 1523 u
1431 1480 1458 1520 s
1469 1503 1485 1520 .

640 1562 684 1616 E
699 1561 751 1613 N
764 1560 812 1616 E
834 1549 1181 1615 incrustatam
1202 1551 1348 1612 calce
1373 1544 1611 1610 Muficus
1630 1541 1881 1613 domum,

679 1643 850 1703 Rudis
875 1640 1133 1709 canendi,
1163 1637 1423 1699 habebat:
1450 1638 1508 1694 in
1532 1653 1642 1715 qua
1662 1631 1794 1692 dum
1815 1631 1989 1701 canit,

487 1732 600 1791 Sibi
618 1729 952 1790 resonantem
980 1726 1195 1808 plenius
1219 1745 1413 1787 vocem
1438 1737 1599 1804 putat

489 1818 670 1880 Valde
693 1839 985 1889 canoram;
1012 1814 1183 1875 faetus
1206 1832 1261 1873 et
1280 1812 1583 1896 superbior,

491 1907 681 1967 Credit
702 1921 959 1988 oportere
975 1906 1229 1985 protinus
1257 1901 1307 1962 se
1331 1905 1388 1962 in
1419 1899 1698 1978 publicum

490 1997 630 2056 Dari
657 1997 947 2054 theatrum.
994 1999 1069 2051 At
1086 1990 1397 2070 experiendi
1421 1990 1594 2066 gratia

492 2081 635 2145 Illuc
655 2081 953 2163 profectus,
977 2078 1202 2149 tristem,
1229 2093 1284 2136 et
1301 2075 1497 2136 exilem
1517 2073 1711 2135 sonum

497 2176 639 2230 Cum
663 2169 996 2229 distribueret
1017 2170 1210 2225 tertios
1232 2168 1331 2225 vix
1353 2164 1420 2224 ad
1442 2162 1662 2241 gradun

497 2253 881 2318 Concordibus
903 2275 1024 2314 eum
1049 2252 1213 2313 fibilis
1238 2254 1394 2312 turba
1410 2251 1637 2329 excipit.

587 2342 902 2403 Scholarum
927 2344 986 2401 in
1014 2344 1209 2400 umbra
1222 2341 1315 2419 qui
1341 2337 1517 2399 latens
1539 2334 1741 2418 placuit
1759 2330 1880 2410 fibi,

500 2436 664 2494 Recte
687 2451 756 2491 ne
776 2430 870 2491 fibi
894 2429 1179 2511 placuerit,
1203 2425 1421 2507 publica
1436 2424 1536 2486 lux
1556 2423 1775 2507 probat.

1194 2586 1364 2644 XIV.

967 2697 1166 2751 Canis
1201 2707 1287 2749 ετ
1315 2696 1587 2748 Annus,

683 2785 736 2841 U
752 2787 812 2840 M
834 2779 1110 2840 blanditur
1132 2781 1287 2847 hero,
1309 2776 1551 2852 dumque
1570 2768 1800 2831 familiae
1824 2767 2021 2846 canis,

733 2875 938 2928 Canem
960 2865 1231 2928 demulcet
1254 2869 1441 2934 herus,
1472 2858 1739 2920 demulcet
1761 2854 1987 2916 familia.
2118 2858 2122 2862 ’

508 2958 670 3033 Quod
691 2955 1126 3016 animadvertens
1151 2951 1370 3024 Asinus,
1399 2949 1635 3028 graviter
1657 2946 1921 3026 ingemite

507 3046 577 3122 Id*
596 3061 738 3108 certe
758 3046 948 3125 inique
971 3055 1343 3123 comparatum
1365 3036 1660 3110 existiman
