2226 3644
474 266 514 329 'J
705 266 1239 319 FABULARUM
1276 263 1863 320 AESOPTARUM.

1194 401 1305 459 IV.

846 531 1170 587 Laeta-ra
1202 541 1292 584 ET
1314 528 1671 590 Tusa-uno.

622 616 676 672 U
687 618 714 673 1
736 633 824 674 me
837 611 1072 682 miseret,
1092 613 1273 673 aiebat
1285 611 1577 674 Testudini

658 707 923 775 Lacerta3
972 718 1133 779 quae,
1157 719 1272 780 quo
1288 698 1455 762 libeat
1469 719 1708 782 cumque
1727 697 1956 779 vadere,

484 792 671 848 Tuam
686 787 798 868 ipsa
817 804 999 849 tecum
1017 784 1160 847 ferre
1185 789 1399 865 cogaris
1422 787 1673 851 domum.

483 874 653 958 Qod
676 878 833 954 utile,
856 876 1042 958 inquit
1060 872 1184 944 illa,
1204 893 1321 935 non
1342 895 1510 955 grave
1534 874 1620 957 est¹
1634 895 1807 937 onus.

1232 1053 1315 1110 V.

932 1227 1221 1285 Enicxus
1255 1243 1335 1284 nr
1362 1228 1625 1286 Tun.

489 1316 884 1441 ADventare
903 1313 1154 1391 hyemem
1176 1311 1400 1392 quidam
1422 1313 1635 1373 Ericius
1661 1309 1886 1384 videm,

647 1398 886 1478 Talpam
901 1399 1139 1477 rogavit,
1160 1400 1389 1480 proprio
1402 1401 1465 1460 in
1480 1396 1640 1481 specu
1654 1399 1841 1462 locum

491 1485 605 1545 Sibi
626 1500 689 1545 ut
711 1486 825 1545 vim
844 1498 1040 1546 contra
1061 1484 1286 1564 frigoris
1308 1485 1648 1548 concederet.

494 1572 768 1634 Concessit
779 1572 959 1654 Talpa
972 1592 993 1632 ε
1035 1569 1128 1633 sed
1149 1588 1397 1655 receptus
1416 1571 1706 1654 hospitem,

491 1664 573 1720 Ut
588 1658 641 1720 se
655 1678 877 1720 movere
889 1678 1126 1740 cumque
1145 1658 1287 1735 vult,
1316 1663 1536 1723 Ericius

490 1749 698 1827 Pungit
716 1745 954 1809 molestis
973 1748 1103 1809 hinc
1125 1762 1184 1808 et
1198 1750 1336 1808 hinc
1346 1749 1549 1810 aculeis
1564 1770 1584 1809 ε

491 1842 550 1899 A
567 1836 621 1895 se
640 1856 776 1915 ergo
799 1834 986 1915 Talpa
1004 1838 1155 1895 hunc
1175 1834 1416 1897 sentiens
1435 1836 1642 1898 damno
1659 1834 1766 1901 suo

494 1928 821 2004 Receptum,
840 1920 984 1983 ferre
995 1942 1100 1984 nec
1117 1921 1327 1984 diutius
1347 1923 1569 2001 volens,

495 2010 731 2074 Placidis
745 2024 995 2093 precatur
1014 2010 1221 2082 verbis,
1240 2012 1395 2072 exire
1411 2027 1471 2073 ut
1489 2011 1650 2089 velit,

388 2138 392 2144 -
499 2097 959 2179 Quandoquidem
975 2095 1229 2176 angustus
1244 2100 1408 2158 ambo
1422 2119 1540 2159 non
1562 2100 1713 2183 capit
1734 2097 1926 2161 locum,

499 2194 582 2248 At
595 2185 697 2248 esse
708 2182 948 2265 gaudens
968 2183 1084 2259 ille,
1104 2184 1198 2245 ubi
1215 2186 1356 2245 bene
1370 2184 1444 2245 est
1463 2184 1583 2262 fibi,

497 2277 652 2335 Hinc
667 2286 850 2346 exeat,
867 2273 964 2345 ait,
991 2273 1089 2352 qui
1110 2292 1328 2333 manere
1342 2293 1458 2333 non
1476 2271 1669 2353 potest.

590 2366 791 2422 Monet
811 2357 1024 2433 fabella,
1044 2361 1318 2421 neminem
1333 2365 1477 2422 tecto
1491 2364 1674 2442 excipi

504 2450 738 2526 Debere,
768 2443 870 2507 nifi
885 2446 983 2524 qui
995 2445 1152 2525 possit
1173 2447 1471 2529 aliquando
1493 2448 1648 2528 ejici.

1223 2627 1336 2685 VI.

849 2800 1009 2869 Leo,
1037 2800 1291 2873 Lunna,
1325 2817 1412 2858 ετ
1439 2801 1722 2857 Vneris.

508 2883 726 3008 LEO
754 2883 1099 2959 aegrotabat:
1146 2883 1478 2945 accefferunt
1492 2884 1664 2959 illico,

650 2971 726 3025 Ut
747 2963 1070 3044 solarentur,
1093 2973 1548 3053 omnesundique
1561 2970 1807 3043 belluae;

511 3057 731 3117 Tamen
747 3054 923 3119 adhuc
942 3058 1147 3143 Vulpis
1162 3060 1345 3122 aberat
1348 3103 1371 3143 ,
1391 3079 1557 3142 quam
1574 3056 1814 3122 infensus
1834 3061 2029 3140 Lupus
