2226 3644
563 247 870 298 LIBER
960 241 1347 294 PRIMUS.

890 404 998 460 IX.

315 519 501 576 Cotu
515 530 653 574 Mu
680 526 1043 584 numus,
1073 528 1156 568 ετ
1178 512 1574 571 Saxa-rius.

235 611 478 666 Pei-nens
497 599 774 660 Columba
791 596 1062 680 plumipes
1075 592 1393 665 saxatilem,

277 690 660 771 Superbiebat,
680 685 829 766 quod
850 682 903 744 se
925 681 1140 764 semper
1155 697 1408 743 cerneret

150 786 297 841 Bene
318 792 631 849 ocreatam3
679 776 813 836 dum
833 770 954 833 suas
969 771 1064 832 illa
1091 771 1319 832 interim

152 869 374 942 Nudas,
407 862 704 946 turpesque
721 863 883 922 tibias
899 856 1231 919 ostenderet.

151 954 408 1016 saxatilis
423 954 501 1012 ait
515 974 532 1012 ε
579 949 743 1011 nudis
758 967 845 1010 me
856 945 962 1009 effe
976 947 1131 1007 tibiis

151 1044 317 1123 Qod
333 1041 395 1102 so
403 1061 460 1100 rs
484 1039 747 1111 voluerit,
774 1057 894 1097 non
914 1033 1086 1095 modo
1099 1029 1299 1112 injuste
1315 1032 1622 1113 exprobras
1639 1051 1663 1106 ς

153 1131 251 1190 Sed
264 1133 459 1204 etiam,
485 1125 635 1208 quod
658 1123 728 1185 sic
743 1138 872 1184 nata
885 1121 1003 1193 fim,
1030 1123 1167 1182 mihi
1182 1122 1450 1199 gratulor,

157 1221 383 1300 Quippe
397 1217 574 1292 magis
591 1212 877 1294 expeditae
890 1234 909 1272 ε
954 1225 1012 1271 at
1027 1229 1222 1270 ocreas
1237 1209 1341 1269 tibi

158 1305 324 1383 Quod
340 1304 456 1364 sata
475 1301 751 1375 dederint,
775 1298 909 1380 quid
924 1313 1002 1374 te,
1023 1294 1205 1373 stulta,
1223 1297 1440 1375 jactitas
1464 1295 1486 1354 ἓ

154 1394 362 1453 Vincla
391 1388 498 1450 effe
522 1389 731 1468 potius,
753 1407 918 1467 quam
941 1399 1285 1458 ornamenta,
1313 1381 1584 1442 dixerim:

159 1483 323 1540 Enim
345 1478 632 1557 expetii-ee
679 1496 797 1533 non
815 1472 987 1533 modo
1005 1472 1144 1532 nihil
1160 1469 1456 1549 adjuvent3

158 1567 262 1628 Sed
277 1565 516 1628 multum
541 1562 859 1644 impediant,
882 1581 955 1621 ne
975 1561 1141 1619 etiam
1161 1555 1449 1621 commode
1472 1554 1734 1618 ambulet.

162 1658 267 1714 His
290 1656 534 1713 excitata
545 1651 753 1727 verbiS,
778 1646 1144 1723 obliviscitur,
1415 1703 1420 1708 .

165 1742 335 1819 Quod
352 1742 580 1807 incubet
591 1758 701 1799 ova
715 1737 984 1817 plumipes
999 1757 1014 1794 ι
1062 1749 1130 1794 ut
1145 1730 1198 1793 se
1214 1733 1414 1812 probet

163 1830 317 1892 Poss'e
331 1829 611 1890 ambulare
622 1824 935 1900 commode,
957 1820 1093 1884 nido
1108 1820 1265 1881 exilit

166 1927 444 2000 Repente,
460 1932 524 1980 ¹et
539 1915 717 1975 ocreis
734 1911 887 1974 fimul
902 1914 1280 1972 inhaerentem
1298 1904 1407 1966 suis

162 2015 324 2089 Spem
348 2004 556 2065 sobolis
580 2003 746 2082 rapit,
767 2017 822 2060 et
837 1997 1006 2059 inscia
1018 1997 1184 2057 illidit
1206 1994 1347 2055 solo.

252 2093 390 2154 Istas
410 2090 683 2152 Columba
698 2088 967 2169 plumipes
984 2085 1217 2146 multum
1233 2081 1497 2141 admonet

169 2184 460 2256 Mulieres,
482 2180 665 2238 varius
685 2197 823 2256 quas
842 2178 919 2242 ita
935 2171 1099 2233 fastus
1125 2167 1352 2250 impedit

167 2269 665 2338 vestimentorum,
692 2281 757 2324 ut
769 2261 1044 2323 ambulare
1058 2260 1162 2318 vix
1184 2270 1420 2338 quanm

173 2366 467 2435 Quaeque,
486 2352 585 2413 fibi
598 2350 696 2410 fiat
709 2370 774 2411 ut
793 2349 940 2425 satis,
958 2344 1205 2410 miseram
1222 2343 1473 2417 domum,

172 2448 402 2521 Virum,
426 2438 781 2519 sobolemque
796 2436 1101 2519 sumptibus
1120 2431 1357 2515 perdunt
1377 2427 1506 2491 suis.

937 2617 1014 2672 X.

182 2877 536 2998 HAbebat
556 2875 757 2957 aliquis
774 2791 1438 2974 capigeinff'chortalibns

362 2976 496 3028 Prae
514 2965 743 3026 caeteris
767 2962 981 3021 aiitibus
999 2959 1253 3018 dilefiium
1266 2953 1359 3017 fibi
1378 2976 1399 3029 3

182 3063 267 3122 Ita
281 3071 363 3136 ut,
385 3054 578 3117 colore
599 3048 757 3114 nulio
773 3067 1073 3198 penxirum
1094 3045 1227 3108 lieet

983 3151 1027 3210 4
