2226 3644
478 207 546 254 ³2
721 186 1253 240 FABULARUM
1290 190 1874 256 Asssomakuu.

472 291 685 342 Verum
698 279 983 363 implicato
999 282 1206 343 circum
1234 304 1420 346 ramos
1436 290 1686 370 vincuIO,

472 375 615 430 Cum
633 389 752 430 non
767 367 974 430 valeret
995 370 1233 446 avolare,
1262 392 1369 432 nec
1383 372 1480 435 diu

470 459 678 519 Vivere
694 455 950 535 speraret,
972 478 1059 516 me
1073 456 1358 520 miseram!
1385 460 1549 534 dixit,
1572 468 1708 528 mihi

470 543 626 622 Quae
640 546 814 606 vitam
830 542 1028 619 ademi,
1055 543 1374 607 servitutem
1393 548 1528 611 dum
1545 555 1757 616 eximo.

554 638 706 694 Leve
721 628 984 692 damnum
1000 630 1189 710 suffer,
1212 655 1285 695 ne
1305 656 1474 714 grave
1487 640 1741 706 incurras
1765 644 2000 712 malum.

1156 814 1351 870 xxa,

692 1011 705 1025 f
1113 987 1167 1043 R
1177 1004 1217 1043 A
1234 1005 1271 1043 n
1286 1006 1326 1045 a
1340 1003 1397 1046 Β.

624 1072 676 1127 U
690 1072 750 1128 Μ
771 1065 974 1127 fureret
986 1067 1154 1128 aestas
1171 1072 1489 1148 immodica,
1507 1074 1657 1138 snam
1672 1077 1818 1143 duae

656 1154 909 1215 Paludem
928 1161 1118 1216 Ranae
1131 1155 1381 1220 ficcatam
1394 1164 1754 1242 reliquerant,

459 1239 763 1322 Inopesque
779 1243 983 1302 circum
998 1246 1246 1305 errabant
1260 1263 1583 1328 quaerentes
1596 1271 1820 1331 aquam.

457 1327 549 1389 Ad
567 1345 790 1409 putenm
805 1328 1027 1389 tandem
1043 1329 1346 1394 deveniunt
1360 1357 1381 1406 ;
1407 1350 1581 1416 utque
1595 1341 1750 1401 uberi

455 1415 621 1476 Illum
637 1414 834 1477 scatere
847 1436 1107 1497 aquarum
1123 1422 1287 1501 copia
1305 1420 1519 1493 vident,

454 1504 740 1563 Perbibere
755 1505 1017 1585 cupiunt3
1048 1526 1289 1587 unaque,
1318 1511 1428 1568 huc
1443 1531 1568 1588 age,
1590 1511 1633 1572 ὁ
1647 1509 1822 1588 soror,

456 1592 636 1665 Quin,
661 1593 868 1670 inquit,
889 1590 1026 1651 saltu
1043 1594 1315 1655 mittimus
1336 1596 1654 1678 corpuscula
1671 1602 1693 1659 ἒ

451 1676 553 1736 Sed
568 1679 658 1739 hic
674 1676 712 1738 fi
729 1680 930 1758 pariter
946 1694 1143 1759 putens
1161 1683 1378 1761 aruerit,
1399 1684 1568 1746 refert

449 1764 662 1842 Altera,
685 1785 802 1846 quo
816 1770 976 1847 pacto
996 1767 1127 1829 hine
1144 1768 1264 1846 jam
1276 1770 1460 1833 licebit
1473 1771 1656 1852 egredi
1674 1776 1701 1835 ἓ

536 1860 657 1914 Itus
677 1851 750 1914 est
765 1853 1107 1936 imprudens,
1130 1856 1198 1916 de
1212 1858 1388 1920 reditu
1402 1858 1443 1921 fi
1463 1881 1583 1922 non
1601 1860 1797 1943 liquet.

1137 2038 1357 2094 XXIII.

766 2206 1021 2279 CssavA,
1044 2212 1419 2284 vaurme,
1446 2229 1527 2269 tr
1555 2216 1711 2273 Leo,

603 2294 657 2349 U
668 2294 731 2349 M
762 2297 1093 2352 Venatorem
1112 2300 1290 2353 Cerva
1305 2294 1541 2375 fingeret,
1560 2301 1620 2358 in
1637 2297 1881 2381 specum,

638 2378 747 2439 Ubi
764 2379 996 2439 cubabat
1012 2381 1268 2441 immanis
1286 2389 1428 2460 Leo,
1448 2385 1680 2461 incidit;

442 2466 554 2539 Qfi
570 2464 1010 2545 comprehensam
1033 2467 1166 2528 dum
1183 2485 1346 2529 necat
1366 2469 1611 2533 miseram
1628 2495 1650 2550 ς
1672 2476 1765 2537 hei
1785 2479 1950 2559 mihi,

437 2552 718 2629 Singultus
741 2554 885 2612 inter
898 2553 988 2613 illa
1001 2552 1280 2635 supremos
1294 2559 1396 2633 ait,

436 2643 634 2699 Fernm
649 2641 931 2700 hominem
945 2640 1184 2720 fugiens,
1205 2647 1499 2706 immanem
1511 2649 1707 2709 inveni
1727 2647 1932 2718 seram!
2011 2663 2044 2670 ”

525 2729 687 2787 Vitas
703 2729 1036 2809 Charybdim
1058 2729 1274 2808 frustra,
1295 2730 1336 2793 fi
1350 2735 1412 2794 in
1425 2734 1653 2814 Scyllam
1674 2738 1913 2806 incidas.
