2226 3644
340 239 489 294 .1.
786 153 1707 294 PRAEFATIQ

427 373 503 448 ni
540 366 762 461 fallor,
784 365 884 442 fad
911 365 1272 466 ingenium
1299 364 1587 466 linguae
1623 362 1917 442 Latinae
1942 384 2066 443 ac-

425 481 868 560 commodate·
909 480 1320 581 expofitum
1396 505 1475 554 ac
1513 480 1558 553 fi
1599 506 1737 582 qua
1775 507 1932 569 nos,
1978 500 2066 559 ut

425 601 500 675 in
536 595 788 673 sabulis
831 595 1127 696 delupo
1172 591 1330 667 falsa
1366 595 1789 696 poenitentia
1822 594 2062 686 duan,

426 712 521 793 de
555 715 729 815 lupo
762 731 1004 785 natum
1038 706 1427 800 erudiente,
1460 707 1558 799 de,
1577 712 1775 784 malis
1807 712 2061 807 aureis,

423 848 638 929 atque
668 828 745 900 in
775 825 923 900 aliis
948 821 1132 898 forte
1160 821 1500 923 plurimis»,
1529 851 1568 896 a
1600 826 1706 897 via
1738 847 2063 900 veterum

426 931 835 1045 pervulgata
880 934 1322 1021 disceffimus,
1384 934 1457 1011 id
1501 964 1712 1012 omne
1759 965 1930 1038 rogo
1976 959 2061 1014 ut

425 1056 627 1142 mihi,
664 1075 784 1128 aut
831 1052 1025 1124 malis
1063 1051 1428 1151 exempli8,
1464 1073 1585 1126 aut
1619 1052 1854 1128 indole
1901 1060 2059 1128 mea
2089 1140 2094 1143 ,

426 1170 668 1272 gentili
705 1167 1005 1267 decepto
1021 1163 1479 1240 condonetur.

426 1344 433 1353 ,
548 1278 989 1357 Adornandis
1017 1277 1271 1353 fabulis
1304 1279 1545 1353 nostris
1585 1278 2053 1371 adhibuimuS,

429 1396 613 1472 duce
645 1394 991 1479 Phaedro,
1023 1391 1319 1468 senarios
1336 1393 1521 1480 illos,
1538 1397 1895 1469 veteribus
1910 1400 2059 1498 qui·

427 1510 695 1612 busque
735 1511 956 1611 poetis
1006 1508 1274 1581 Latinis
1318 1504 1883 1597 familiariffimoe,
1932 1538 2058 1585 ne·

425 1648 571 1728 que
603 1627 793 1725 prius
822 1622 954 1698 effe
973 1623 1047 1696 in
1066 1625 1331 1696 honore
1360 1619 1630 1709 defitos,
1659 1651 1867 1724 quarn
1890 1648 2059 1700 cum

428 1738 770 1814 Latinitas
816 1734 1110 1810 formam
1160 1733 1452 1810 induere
1497 1737 1707 1839 paulo
1752 1737 2055 1812 deterio-

428 1880 583 1931 rem
626 1853 880 1954 coepit.
956 1853 1029 1924 hi
1080 1848 1370 1952 quidem
1416 1852 1730 1926 ‘iambum
1776 1856 1846 1926 in
1895 1853 2055 1928 sede

428 1989 705 2043 tantum
739 1966 980 2040 ultima
1016 1966 1384 2039 necessario
1429 1966 1807 2067 postulant:
1857 1989 1928 2039 at
1975 1969 2057 2041 ii-

429 2081 589 2157 dem
607 2105 890 2164 vocum,
911 2080 1430 2179 verborumque
1458 2078 1734 2154 suavem
1753 2105 2058 2155 concen-

428 2218 623 2285 tum;
666 2213 736 2267 at
769 2190 1166 2266 facilitatem
1197 2194 1519 2266 orationis
1549 2192 1891 2293 quandam
1932 2193 2055 2268 de-

430 2306 784 2384 lenificam
817 2306 1103 2381 volunt:
1158 2332 1337 2406 quae
1373 2304 1572 2380 dotes
1609 2309 1849 2381 ambae
1883 2334 2055 2409 poe-

428 2424 550 2496 fim
579 2422 983 2495 narrationis
1010 2422 1379 2519 ingen-uae,
1414 2420 1863 2521 simplicisque
1893 2449 2055 2522 pro-

430 2540 653 2638 priam
681 2532 831 2608 fere
879 2559 1157 2607 omnem
1193 2531 1668 2627 concludunt;
1717 2556 1787 2607 et
1821 2535 2053 2609 indus·

430 2651 634 2724 triam
670 2649 713 2722 fi
749 2649 976 2721 minus
1005 2646 1428 2746 diligentem,
1474 2674 1684 2748 quam
1734 2670 2056 2723 accurata

430 2764 893 2837 i'ambicorutn
920 2763 1247 2858 gravitas,
1281 2759 1853 2863 praefignificant3
1902 2764 2057 2836 lau-

425 2875 593 2951 dem
634 2895 862 2948 tamen
908 2873 1094 2947 haud
1133 2874 1353 2948 multo
1388 2877 1724 2948 minorem
1759 2877 2056 2967 habent;

433 2989 905 3065 amabiliorem
936 3009 1128 3063 certe
1163 2986 1351 3066 suam
1396 2987 1606 3093 ipsam
1642 2990 1806 3064 artis
1838 2988 2057 3066 medi-
