2226 3644
551 253 859 306 LIBER
932 252 1326 306 PRIMUS.

120 347 492 416 oecafionem
502 346 842 411 criminandi
861 346 996 408 hinc
1015 361 1275 425 occupat,

129 446 212 502 Ut
240 459 383 522 quae
398 437 480 498 nil
499 434 653 519 penfi
666 436 894 496 haberet
914 433 1087 495 vitam
1103 433 1366 515 principis
1378 453 1406 510 ς

128 535 400 610 Dumque
415 524 523 586 alia
537 524 713 585 multa
732 521 1031 583 deblaterat
1051 518 1348 599 ejusmodi,

125 617 397 677 Conflare
416 627 649 674 tentans
671 609 975 683 invidiam
1018 606 1245 669 tandem
1260 607 1513 689 advenit,

129 702 378 785 Ejusque
391 701 563 763 verba
576 697 782 779 Vuipis
799 695 951 769 audit
970 695 1185 757 ultima.

131 794 256 852 Vix
267 786 619 868 introgress'a,
646 806 756 862 me,
780 788 882 860 ait,
896 781 1213 846 excusatam
1228 782 1394 865 velis,

131 878 787 958 Magnanimeprineeps,
816 871 856 934 fi
869 871 1014 933 forte
1034 871 1232 933 videor
1243 872 1351 933 tibi

132 973 334 1027 Parum
354 963 514 1026 fuisse
533 961 805 1041 diligen„
848 980 968 1022 mea
983 961 1204 1020 interim

132 1056 273 1115 Tibi
284 1073 459 1134 opera
471 1047 708 1134 impensa
725 1047 835 1124 est;
878 1063 935 1108 et
953 1045 1060 1108 fuit
1080 1047 1318 1128 pretium
1339 1046 1403 1107 in
1425 1064 1580 1108 mora
1595 1066 1619 1107 ε

134 1148 279 1202 Nam
294 1140 529 1202 circuivi
544 1160 565 1212 ;
609 1153 665 1198 et
680 1139 835 1213 hinc,
855 1150 911 1195 et
926 1135 1077 1196 illinc
1089 1131 1274 1194 sedulo

131 1230 374 1308 Rogavi,
402 1226 686 1308 quodnam
702 1223 996 1288 remedium
1020 1219 1405 1304 praestantius,

132 1323 383 1396 Tuoque
401 1315 600 1375 morbo
620 1313 791 1390 magis
807 1309 1067 1371 idoneum
1085 1307 1249 1369 foret.

132 1405 285 1482 Quid
309 1400 644 1483 comperisti,
669 1398 886 1477 subjicit
901 1397 1196 1478 impatiens
1218 1401 1337 1457 Leo
1355 1394 1378 1456 ἓ

133 1494 339 1572 Vulpis
356 1491 581 1570 reponit
601 1512 619 1548 t
663 1486 747 1548 nil
761 1485 918 1546 crede
934 1484 1229 1555 efficacia,

125 1586 314 1661 Qam
338 1577 379 1638 fi
395 1579 677 1637 viventem
697 1575 967 1634 excoriari
981 1577 1202 1653 Lupum
1224 1570 1340 1641 cito

128 1667 381 1747 jubebis,
404 1663 626 1744 ejusque
639 1660 870 1723 caiidam
890 1658 1086 1741 pellem
1100 1657 1319 1721 indues.

133 1756 319 1816 Placet
333 1751 663 1813 remedium-z
711 1755 903 1830 Lupus
919 1764 1052 1826 ergo
1072 1744 1384 1826 deglubitur

137 1842 325 1912 Miser,
344 1857 401 1901 et
421 1837 690 1920 agnoscit,
719 1855 858 1918 quae
872 1835 1013 1897 nihil
1032 1833 1291 1896 dominos
1306 1833 1491 1912 juvat.

135 1929 400 1993 Recidere
419 1926 665 1990 fraudem
681 1922 835 2008 saepe
856 1925 917 1985 in
933 1926 1183 1985 auctores
1204 1918 1351 1983 suos,

865 2104 1003 2162 vn.

590 2281 887 2337 Pontum
914 2278 1252 2334 ῈιΑτιεε.

271 2371 472 2440 Atura,
497 2378 553 2423 et
574 2361 701 2424 usus
719 2364 867 2424 vitae
885 2363 1218 2438 communis,
1245 2359 1388 2420 duos

308 2451 577 2514 Puernlos
593 2450 788 2511 fratres
808 2463 1004 2510 mutuo
1033 2449 1409 2526 conjunxerat

139 2545 376 2617 Amore,
402 2537 621 2620 qualem
639 2536 780 2597 ferre
795 2535 852 2596 id
868 2536 1064 2596 aetatis
1086 2533 1244 2595 solet.

139 2630 423 2688 Tentatus
442 2626 518 2687 est
537 2624 682 2686 forte
695 2645 840 2685 unus
856 2625 1146 2685 amborum
1172 2621 1306 2696 levi,

135 2717 410 2797 Brevique
422 2714 654 2775 morbo:
697 2732 891 2772 venam
906 2712 1160 2791 oportuit
1178 2724 1362 2768 tamen

137 2807 341 2880 Secari,
371 2799 590 2862 medico
616 2798 686 2861 fic
700 2800 961 2877 jubente:
1006 2795 1161 2877 quod
1184 2795 1406 2871 videns,

139 2891 402 2951 Protinus
423 2888 624 2950 adflere
638 2888 823 2966 coepit
836 2885 991 2948 alter.
1034 2891 1111 2944 At
1132 2885 1269 2944 mihi

142 2978 272 3037 Pius
293 2976 390 3038 iste
405 2991 591 3037 motus
615 2973 1012 3035 misericordiae
1028 2971 1225 3052 placet,

142 3065 238 3125 Ait
251 3084 411 3148 aeger
424 3063 606 3129 secum
622 3075 911 3213 reputanX
959 3080 1022 3119 ac
1035 3059 1197 3121 etiam
1218 3056 1415 3139 magis,

957 3163 995 3226 3
