2226 3644
574 270 881 321 LIBER
961 271 1436 324 TERTIUS.

904 437 1130 493 XVIII.

557 539 938 596 Commium
967 554 1048 594 rr
1077 542 1465 594 Accu’lrmt.

222 620 225 625 ’
352 621 542 684 Ellum
567 621 869 682 Columbae
889 641 1074 700 gerere
1097 635 1297 682 contra
1316 621 1547 682 miluum

398 710 682 770 Volneret
709 708 915 770 idcirco
931 710 1183 788 deligunt
1206 728 1387 786 regem
1412 707 1510 768 fibi

195 797 581 880 'Accipitremz
607 812 661 855 at
683 796 771 855 ille
787 795 839 856 se
863 796 1095 873 hostem,
1123 816 1242 856 non
1258 816 1437 875 regem
1461 795 1681 880 probntg

204 888 499 965 Etiamque
523 883 740 945 miseras
761 885 937 944 miliio
960 884 1199 944 ferocius

205 975 388 1055 Rapit,
414 974 715 1053 laniatque,
739 988 853 1030 tum
878 968 1024 1031 suam
1042 971 1239 1032 dolent
1257 971 1460 1047 vicem,

209 1063 522 1142 Sestiasque,
542 1060 759 1132 dicunt,
776 1058 934 1119 miliii
956 1061 1193 1140 impetus
1213 1060 1319 1119 fuit

212 1153 270 1207 T
271 1148 509 1225 olerare,
532 1168 694 1229 quam
717 1150 882 1227 hujus
901 1149 1099 1225 regiam
1122 1142 1493 1228 tyrannidem.

918 1309 1082 1364 XIX.

684 1416 877 1469 Simu
910 1429 988 1468 ετ
1007 1416 1295 1470 νυωις.

203 1496 515 1625 VUlpem
543 1501 757 1574 rogavit
779 1498 912 1556 olim
939 1498 1122 1566 Simia,
1146 1512 1207 1556 ut
1231 1496 1383 1556 daret

364 1583 584 1643 Caudae
604 1583 698 1643 fibi
714 1600 945 1663 partem,
972 1585 1343 1662 contegendas
1360 1584 1427 1644 ad
1451 1596 1639 1657 nate83

204 1673 455 1743 Etenim,
480 1671 630 1751 quod
656 1671 770 1732 usui
793 1688 850 1732 et
863 1673 1068 1731 honori
1085 1671 1227 1732 foret
1242 1669 1360 1746 fibi,

204 1758 357 1818 Huic
380 1754 483 1817 effe
506 1758 561 1818 id
576 1761 756 1819 oneri.
805 1760 986 1818 Atina
1001 1757 1302 1840 respondit,
1332 1756 1470 1816 nihil

202 1847 389 1906 Nimis
410 1843 537 1920 effe,
565 1846 837 1928 caudaque
860 1847 998 1907 adeo
1026 1850 1165 1907 verri
1181 1850 1406 1906 humum
1423 1844 1515 1906 sua

200 1939 268 1993 Se
289 1932 476 2006 malle,
498 1955 662 2014 quam
686 1935 777 1994 issa
791 1938 982 1994 S'miae
1007 1947 1159 1993 nates
1180 1937 1314 2011 tegi.

286 2019 565 2099 Significat
584 2025 714 2082 haec
734 2022 946 2097 fabella,
979 2042 1105 2080 raro
1130 2021 1410 2101 quidpiam

200 2109 543 2191 Superfluum
558 2108 659 2168 effe
674 2108 856 2187 diviti,
880 2127 942 2169 ut
957 2110 1380 2187 egenumjuvet.

893 2270 1028 2324 XX.

415 2368 706 2440 Aucm’s,
727 2370 857 2423 ΡΑι
874 2383 1124 2438 omnus,
1157 2384 1237 2423 ετ
1264 2370 1338 2422 SE
1357 2383 1391 2423 a
1408 2383 1588 2424 PENS.

201 2455 486 2566 AUceps
511 2452 775 2510 Palumbo
792 2473 913 2510 cum
931 2450 1093 2510 dolos
1115 2451 1511 2531 praetenderet,

348 2539 554 2616 Premit
571 2546 847 2615 Anguem,
871 2539 1030 2616 cujus
1047 2540 1207 2598 dente
1224 2539 1462 2597 violatus
1478 2540 1640 2621 perit.

294 2624 509 2688 Malum
531 2626 659 2705 jure
671 2623 834 2702 feres,
858 2625 1006 2706 quod
1030 2628 1247 2707 parabis
1272 2625 1443 2685 alteri.

915 2786 1054 2840 XXI
1058 2824 1074 2841 .

555 2896 870 2962 Αεειιυε,
898 2908 1185 2964 mustum
1211 2894 1347 2948 Ht-:n
1366 2909 1466 2963 us,

289 2985 346 3042 N
366 2977 574 3060 sylvam
593 2977 806 3037 Asellus
829 2999 955 3036 cum
986 2975 1232 3045 venisset,
1262 2979 1462 3055 reperit

333 3066 483 3130 Caesi
497 3068 704 3129 Leonis
720 3068 948 3126 exuvias
965 3087 982 3123 z
1012 3066 1110 3122 has
1132 3062 1343 3126 induiti

939 3152 1083 3232 D3

1710 283 1822 344 ‚53
