2226 3644
474 224 543 285 η
698 225 1238 278 FABULARUM
1278 231 1852 299 AESOPIARUM

459 309 823 374 crudelitatis
840 312 981 374 aestu
999 314 1205 397 semper
1217 320 1420 402 abripi,

464 406 696 462 Fet-vere
716 398 923 481 semper
937 423 1125 463 amore
1140 406 1319 467 caedis
1340 411 1537 493 impio,

462 491 620 550 Haec
632 490 748 548 vita
762 509 880 549 non
894 489 991 562 est,
1020 493 1202 573 inquit
1215 516 1237 568 ς
1269 515 1403 574 ergo
1426 499 1752 566 aliam-lubet

461 575 709 645 Vivendi
724 577 965 656 regulam
987 582 1246 661 experiri,
1265 582 1545 649 affectibus

461 667 664 743 Legem
679 663 1010 727 immodestis
1026 688 1257 747 ponere,
1282 680 1534 736 converti
1551 680 1729 742 bonas

459 750 554 812 Ad
567 752 720 834 pacis
733 768 876 814 artes
888 770 1055 837 atque
1068 756 1501 823 mausuetudinis
1522 788 1540 837 3

459 837 699 900 Pecudes
713 838 1005 921 lanigeras,
1032 844 1167 902 mite
1181 860 1237 904 et
1258 849 1560 913 innocuum
1576 875 1777 934 genus,

459 926 646 987 Placet
667 926 973 1008 imitari,'er
993 930 1210 992 illarum
1230 935 1511 998 consortio

455 1014 878 1077 Deformitatem
900 1019 1171 1096 corrigere
1187 1019 1396 1083 nostrae
1410 1026 1639 1091 indolis.

456 1103 565 1161 His
580 1101 763 1180 dietis,
791 1109 934 1165 recta
961 1107 1142 1166 tendit
1157 1106 1227 1167 ad
1240 1112 1428 1171 ovium
1451 1134 1695 1195 gregem,

454 1195 602 1248 Bene
620 1205 802 1250 certus
822 1195 990 1252 animi
1013 1192 1113 1265 (fic
1133 1195 1422 1260 videbatur
1440 1201 1567 1279 fibi)

453 1281 587 1335 Non
602 1276 770 1338 modo
786 1300 967 1339 creare
983 1281 1063 1340 nil
1075 1283 1231 1357 mali,
1259 1301 1317 1344 at
1335 1288 1499 1349 etiam
1522 1290 1632 1352 suis
1715 1319 1722 1329 ·

448 1366 628 1423 Probe
641 1367 864 1426 mutatis
879 1371 978 1427 has
996 1389 1241 1431 recreare
1253 1377 1520 1436 moribus.

448 1451 609 1511 Vitio
624 1449 828 1515 adsueti
849 1454 1032 1515 cordis
1048 1456 1384 1537 propofitum
1399 1467 1502 1525 heu
1523 1470 1537 1526 !
1566 1467 1720 1531 leve!

445 1537 694 1598 Placidae
715 1542 862 1602 enim
883 1545 1038 1620 genti
1059 1547 1161 1604 vix
1181 1551 1543 1632 propinquat,
1566 1578 1692 1619 cum
1702 1560 1870 1639 jecur

444 1630 678 1685 Veteres
693 1629 752 1689 in
770 1630 880 1689 iras
894 1628 1060 1690 sentit
1071 1633 1446 1713 exardescere-3

441 1713 610 1772 Simul
631 1714 952 1796 imperiosos
968 1720 1203 1798 impetus
1217 1719 1462 1803 sequitur
1474 1729 1697 1808 volens,

441 1800 831 1885 Praedamque,
858 1827 1023 1886 quam
1040 1805 1158 1868 sors
1174 1811 1368 1889 objicit
1383 1817 1635 1896 primam,
1660 1822 1826 1905 rapit.

529 1894 653 1950 Hac
672 1891 1031 1956 admonemur
1050 1895 1252 1970 fabula,
1275 1904 1503 1978 multos,
1528 1929 1679 1970 mera

441 1982 599 2051 Quos
616 1981 903 2060 turpitudo
923 1979 1137 2042 sceleris
1160 2004 1193 2042 a
1214 1983 1405 2049 scelere
1420 2011 1640 2073 avocat,

440 2062 736 2127 Occasione
748 2070 951 2129 retrahi
973 2070 1040 2130 ad
1059 2069 1230 2131 scelus
1253 2073 1401 2139 data.
1481 2097 1482 2100 ’

1135 2255 1301 2311 XVI.

892 2423 1140 2480 mes
1174 2443 1209 2481 E
1225 2444 1260 2482 τ
1295 2431 1518 2488 CAnrs.

431 2504 793 2623 RApuerat
807 2504 1010 2585 Vulpis
1032 2507 1235 2585 gallum
1257 2513 1634 2594 gallinaceum,

590 2593 1033 2670 Voraveratque:
1056 2615 1195 2656 mox
1214 2598 1420 2661 nefaria
1440 2603 1585 2665 hanc
1603 2605 1782 2673 adhuc

430 2671 748 2734 Madentem
767 2678 926 2738 caede
942 2679 1103 2741 fortis
1127 2705 1363 2768 occupat
1379 2693 1571 2767 Canis,

433 2762 754 2842 Crebroque
770 2766 931 2826 dente
945 2772 1185 2831 membra
1198 2771 1508 2857 discerpens
1529 2797 1713 2843 vorat.

518 2859 557 2895 θ
599 2852 686 2910 Ab
708 2851 812 2913 alio
835 2859 1104 2936 expecteS,
1130 2861 1284 2923 aneti
1302 2866 1452 2946 quod
1472 2864 1699 2930 feceris.-

956 2958 983 2987 ⁸
1017 2960 1074 3010 P.
1098 2962 1238 3027 Syrus.
