2226 3644
527 250 837 303 LIBER
911 246 1306 303 PR1MUS.

116 342 279 402 Venit
291 343 508 421 hyems.
555 335 727 399 Tristi
747 333 938 396 misera
958 342 1308 400 contrahitur
1321 341 1446 420 gelu
1461 360 1480 415 3

115 437 279 511 Seque
295 432 599 510 perituram
623 426 862 503 denique
878 423 1117 484 sentiscit
1135 425 1299 501 fame,

115 519 293 577 sinon
310 517 423 579 cibi
440 513 650 595 aliquid
669 512 820 575 unde
845 511 990 575 unde
1001 515 1383 576 extricavesit.

115 608 356 665 Formica
375 617 556 663 tutum
576 600 627 660 se
648 614 920 681 receperat
943 602 1002 661 in
1026 621 1247 678 cavum,

116 694 317 753 Paratis
334 694 539 773 opibus
553 690 673 768 jam
694 688 883 751 fruens
902 708 920 748 ε
967 690 1111 749 hane
1133 690 1399 750 convenit

119 780 309 840 Cicada
325 778 591 861 supplex;
636 776 861 855 ferque,‘
872 777 974 853 ait,
991 778 1189 846 amica,
1209 777 1290 838 fer
1304 797 1468 857 opem

118 869 330 943 Egenti.
379 864 598 929 Atina:
628 864 763 946 quid
780 865 975 941 agebas
990 878 1195 938 autem,
1223 868 1318 925 has
1332 886 1440 943 ego

119 960 255 1014 Dum
273 974 411 1033 opes
428 952 739 1029 colligerem
757 954 780 1011 ἓ
824 952 1111 1011 cantabam
1126 951 1402 1013 videlicet.

118 1044 383 1101 Cantabas
404 1044 418 1101 !
446 1041 637 1101 laudo,
682 1045 848 1098 Nune
862 1036 1046 1101 saltare
1058 1040 1190 1118 quid
1214 1042 1402 1101 vetat?

189 1134 533 1188 Senectutem
551 1127 684 1187 olim
702 1118 866 1187 tristis
883 1126 1124 1203 excipiet
1144 1126 1319 1198 labor,

118 1216 412 1278 Laboriosa
434 1215 496 1276 ni
513 1215 782 1292 juventus
804 1228 1110 1293 praecavet.

837 1393 945 1449 111.

540 1566 722 1636 Aqm
739 1582 821 1622 LA
854 1582 937 1621 m·
962 1564 1274 1624 Convus.

114 1654 471 1781 RApuerat
495 1649 675 1729 aquila
690 1650 876 1712 curvis
903 1651 1124 1709 arietem
1149 1650 1460 1729 unguibns=

271 1737 428 1798 Idem
446 1738 685 1816 experiri
700 1757 900 1798 corvus
922 1751 974 1796 et
990 1735 1097 1817 ipse
1110 1736 1240 1797 dum
1264 1741 1438 1819 cupit,

114 1829 296 1886 Parem
313 1846 342 1885 e
364 1846 528 1906 grege
547 1839 674 1888 toto
703 1822 951 1906 praedam
968 1822 1265 1887 observans
1285 1827 1461 1907 eligit,

110 1912 389 1994 Simulque
410 1934 611 1991 magno
633 1911 893 1974 devolans
911 1916 1023 1973 ruit
1044 1915 1254 1996 impetu
1269 1937 1289 1975 τ

110 1999 207 2061 sed
223 2003 466 2072 arietem,
496 2004 676 2082 impar
689 2002 923 2072 viribua,
946 2020 1129 2080 neque
1141 2001 1359 2077 tollere,

111 2093 308 2168 Neque
327 2086 467 2152 adeo
486 2088 636 2150 illius
650 2090 917 2169 pertinaci
928 2088 1115 2147 velleri

111 2173 307 2236 Misere
320 2174 642 2256 impeditum
662 2174 716 2236 se
739 2173 997 2257 expedire
1012 2176 1126 2252 jam
1154 2174 1363 2257 potest:

111 2266 278 2325 Hunc
306 2283 443 2341 ergo
466 2261 948 2344 pastui-accurrens
970 2266 1152 2343 capit;
1192 2278 1271 2340 et,
1301 2279 1423 2325 tuas

111 2353 288 2427 Prius,
311 2352 412 2421 ait,
440 2352 592 2413 vires
608 2348 886 2412 consulere
907 2365 960 2411 te
975 2352 1244 2431 oportuit,

110 2445 290 2519 Qam
313 2439 424 2499 tale
438 2439 656 2500 facinus
678 2452 1012 2521 pertentares
1034 2440 1230 2518 exequi
1245 2460 1264 2497 ε

110 2532 316 2608 Capere
328 2525 554 2587 volebas
571 2548 590 2597 3
637 2542 829 2606 captus
846 2523 954 2604 ipse
968 2546 1120 2585 nunc
1136 2528 1290 2601 veni,

112 2619 239 2675 Meo
251 2613 476 2675 futurus
497 2612 613 2673 filio
632 2611 946 2674 ludibrium.

190 2708 395 2763 Monet
408 2700 624 2775 fabella,
653 2704 928 2760 tenuiores
942 2699 1008 2759 ad
1032 2697 1201 2772 suam,

109 2791 496 2856 Potentiorum
518 2787 807 2871 exemplis,
830 2787 1123 2870 perniciem
1143 2787 1302 2847 trahi.

799 2975 939 3038 ΑΞ
