2226 3644
438 272 475 323 6
673 254 1214 309 FABULARUM
1253 253 1811 308 AESOPIARUM

442 361 620 436 Qam
640 348 869 425 credidi,
895 351 962 409 ab
976 369 1048 409 eo
1071 366 1225 407 nune
1246 367 1336 408 me
1356 352 1526 409 amari
1547 349 1824 431 intelligo.

444 441 568 503 Post
597 439 764 521 paulo
777 440 953 520 prima
966 454 1095 497 cum
1113 434 1404 499 reveniffet
1420 435 1588 514 Μῦς,

445 537 786 589 Germanum
803 522 1012 605 aspexit
1025 523 1385 585 cmstulorum
1407 527 1573 608 copia

445 614 803 678 InstruCtum:
846 629 1057 694 partem
1071 610 1201 672 dare
1216 610 1316 673 fibi
1337 612 1495 689 velit,
1517 628 1701 693 rogat.

445 710 627 779 Negat
643 701 730 761 ille
744 721 902 761 vero.
953 700 1105 776 Quid
1122 700 1145 759 ἓ
1169 698 1305 759 inihi
1321 702 1438 780 pias
1453 703 1574 762 heri

446 798 743 870 Lacrymas
761 785 969 860 dedisti,
997 804 1259 868 nuncque
1280 786 1575 851 crustulum
1595 806 1759 867 negas
1776 788 1800 848 ἒ

448 885 632 956 Neg0‚
662 879 875 956 inquitae
921 874 1191 953 lacrymas
1210 874 1402 956 sponte
1419 892 1613 939 natura
1625 876 1772 938 elicit
1782 898 1803 951 ς

447 974 604 1025 Auro
626 964 931 1045 parandum
954 978 1151 1024 contra
1171 961 1465 1024 crustulum
1488 980 1645 1044 puto.

535 1054 808 1112 Homines
831 1051 1078 1131 plerique
1100 1048 1335 1111 sanelam
1353 1054 1642 1112 amicitiam
1665 1051 1867 1112 volunt

449 1140 643 1199 Colere
659 1139 855 1214 videri,
877 1136 1164 1198 occasione
1179 1139 1276 1219 qui
1294 1137 1419 1199 data

448 1234 582 1289 Non
600 1227 725 1309 plus
741 1225 791 1286 se
814 1227 1021 1287 amicos
1043 1228 1216 1288 hocce
1239 1227 1469 1305 puerulo
1490 1226 1745 1308 probant.

1162 1406 1328 1462 VIII.

701 1638 711 1648 ,
913 1576 1102 1633 RosAE
1134 1592 1219 1633 ετ
1256 1580 1560 1634 PAmmo.

452 1666 732 1786 SEmota
756 1662 823 1722 ab
845 1662 1000 1719 omni
1018 1681 1161 1741 pene
1183 1660 1475 1741 conspeetu
1492 1658 1636 1722 Rosa

578 1756 645 1807 In
661 1750 810 1807 horti
829 1747 1072 1828 quodam
1096 1746 1355 1809 delitebat
1370 1750 1574 1828 angulo
1590 1770 1608 1808 ε

447 1836 587 1897 Inde
612 1851 791 1895 tamen
806 1837 987 1911 aliam,
1010 1855 1128 1896 non
1144 1835 1260 1896 'visa
1277 1836 1408 1916 ipsa,
1436 1837 1749 1899 clanculum

447 1923 645 1984 Rosam
668 1923 910 1998 videbat,
934 1942 1073 2002 quae
1096 1927 1309 2004 patenti
1328 1927 1386 1984 in
1410 1945 1533 1984 area

447 2020 609 2085 Suae,
633 2011 887 2070 renidens
910 2010 1102 2070 lumini
1121 2013 1384 2087 aethei-ic,
1402 2011 1569 2072 decus

448 2099 687 2159 Frondis
704 2101 932 2177 aperiret
949 2119 1063 2157 non
1079 2096 1185 2158 fine
1205 2098 1398 2159 fastoso
1415 2101 1605 2176 igneae

447 2187 680 2264 Fulgore
704 2186 932 2260 formae:
989 2201 1105 2245 tum
1124 2186 1299 2247 livore
1322 2189 1565 2266 carpitur
1585 2208 1604 2256 ς

449 2277 765 2352 Gemitque,
786 2293 984 2349 genere
997 2273 1150 2351 quod
1173 2293 1382 2355 parem,
1409 2291 1519 2333 tam
1536 2269 1737 2354 dispari

446 2362 692 2420 Vivendi
708 2359 847 2419 sorte
864 2358 965 2418 sest:
986 2377 1238 2439 oporteat
1258 2362 1389 2421 frui.

445 2449 677 2528 Papilio,
707 2448 798 2507 sua
814 2467 976 2526 quem
992 2447 1136 2507 forte
1151 2450 1344 2508 levitas
1369 2451 1477 2509 hue
1496 2447 1650 2523 tulit,

443 2538 618 2594 Sentit
634 2551 935 2612 gementem
955 2558 974 2606 ;
1021 2551 1097 2610 et,
1125 2534 1303 2612 stulta,
1324 2536 1481 2610 dicit,
1513 2536 1644 2617 quid
1662 2537 1837 2616 gemis
1859 2537 1884 2600 ἓ

446 2629 574 2680 Tua
591 2623 686 2682 ista
704 2642 898 2702 nempe
920 2622 1116 2682 clarius
1135 2627 1302 2684 micat
1320 2623 1493 2694 soror,

446 2709 740 2789 Radiisque
763 2708 889 2769 solis
904 2709 1265 2772 vividioribus
1282 2711 1423 2773 calet
1440 2733 1458 2783 ;

442 2796 549 2855 Sed
565 2812 619 2855 te
637 2800 818 2856 minus
839 2796 1041 2855 tenella
1055 2798 1149 2870 est,
1172 2816 1227 2860 et
1244 2819 1482 2860 vernans
1501 2799 1682 2858 minus
1698 2820 1717 2871 ς

446 2889 518 2950 Et
537 2905 731 2948 aevum
747 2883 982 2970 denique
999 2887 1243 2966 brevius,
1268 2907 1429 2974 quam
1453 2904 1533 2957 tu,
1555 2888 1760 2967 exiget.
