2226 3644
604 216 914 269 LIBER
988 217 1384 272 PRIMUS.

891 378 1060 438 XIV.

369 490 812 556 cucumin,
835 489 1086 561 Gumis,
1108 505 1195 547 ετ
1218 492 1588 557 Κσετιουε.

305 593 342 637 1-:
354 595 392 636 Ν
407 597 445 636 τ
457 596 493 633 ιι
504 593 540 633 ε
562 575 930 633 intumentem
953 591 1142 653 repere
1154 576 1310 637 humi
1333 581 1717 666 Cucurbitam,

178 581 300 704 V
342 665 586 724 Miratus
603 661 739 722 olim
753 658 1030 734 Rusticus,
1052 660 1094 720 ὁ
1111 659 1314 724 factum
1335 664 1505 746 male,

175 753 269 812 Ita
287 751 500 820 vivam,
522 747 668 809 dixit
685 751 699 809 Ξ
726 746 821 808 illa
835 762 1052 829 quanto
1066 748 1375 832 pulchriue,

175 835 497 918 Meliusque
512 837 580 896 ab
595 837 701 896 alta
713 833 1047 915 dependeret
1058 834 1181 896 ilice
1197 839 1215 898 Ξ

178 924 410 1000 Talem,
435 922 635 998 hercle,
664 921 800 983 tales
815 923 1063 984 arborem
1077 922 1288 986 fructus
1304 922 1525 991 decent.

179 1016 303 1072 Nae
323 1009 654 1085 dormiebat,
675 1029 839 1091 quem
863 1030 1044 1070 rerum
1057 1016 1337 1075 aufiorem
1353 1013 1565 1097 ferunt,

178 1103 339 1161 Haec
356 1098 494 1161 dum
510 1097 792 1159 ordinaret
811 1100 825 1158 Ξ
852 1116 978 1157 nam
997 1101 1324 1161 cucurbitae
1339 1100 1471 1164 loco

182 1190 303 1246 Cur
323 1207 448 1247 non
469 1183 689 1247 vicissim
712 1182 874 1265 serpit
891 1182 986 1245 ista
1004 1185 1177 1246 Glans
1190 1189 1342 1249 humi
1362 1189 1387 1249 ἓ

179 1270 285 1333 Pol
304 1271 346 1335 fi
361 1287 595 1334 vocatus
608 1270 766 1333 efl'cm
782 1274 841 1332 in
859 1289 1071 1352 partem
1086 1272 1303 1349 confili,

177 1364 361 1438 Haec,
384 1377 441 1421 et
455 1362 557 1421 alia
574 1363 715 1421 recte
730 1356 1036 1431 statuisti-m,
1067 1375 1131 1421 ut
1144 1363 1399 1442 equidem
1414 1384 1562 1429 reor.

180 1452 336 1508 Dum
353 1447 426 1508 fic
441 1450 614 1508 homo
632 1467 790 1508 meus
804 1444 856 1506 se
868 1462 1077 1524 movet,
1103 1470 1171 1509 ac
1191 1448 1404 1531 plaudit
1419 1449 1540 1533 fibi,

182 1540 364 1614 Aegre
380 1551 635 1616 receptus
650 1534 829 1595 oculis
840 1534 1079 1615 obrepfit
1095 1534 1282 1615 sopor.

182 1629 265 1682 At
281 1644 413 1684 ecce
425 1625 495 1683 ab
522 1620 640 1702 ipso
659 1624 863 1684 vertice
883 1623 1025 1683 ilicis
1048 1622 1241 1685 incidit

183 1709 360 1771 Glans
375 1709 698 1787 dormienti,
717 1708 941 1789 ejusque
955 1709 1144 1772 nasum
1160 1711 1434 1776 vulnerat.

184 1797 460 1877 Evigilat;
508 1796 754 1879 nasoque
768 1795 921 1858 fimul
943 1797 1162 1861 admota
1178 1819 1371 1876 manu,

184 1888 335 1946 Hui!
364 1884 525 1968 plaga
538 1884 677 1946 facia
694 1883 770 1946 est
787 1905 905 1946 non
919 1883 1089 1949 levis!
1123 1885 1341 1966 sanguis
1358 1889 1475 1950 fluit
1492 1892 1513 1951 Ξ

184 1977 513 2034 Tantumne
526 1991 663 2036 vero
679 1971 855 2034 Glans
875 1976 1101 2034 minima
1113 1976 1324 2053 infligat
1343 1975 1470 2037 mali
1489 1978 1516 2040 ἓ

185 2063 488 2121 Cucurbita
502 2075 686 2123 autem
702 2059 838 2141 quid
861 2058 901 2120 fi
917 2060 1186 2123 cecidisset
1204 2063 1226 2122 ἓ
1253 2082 1423 2143 papae
1441 2066 1459 2122 Ξ

182 2147 281 2207 Nil
294 2148 695 2209 immutandum
711 2172 729 2221 3
757 2146 963 2208 stutioz
995 2167 1176 2208 rerum
1192 2148 1397 2212 artifex

180 2236 303 2297 Suis
318 2235 621 2316 prudenter
640 2240 835 2295 cundia
854 2232 1115 2316 disposuit
1139 2237 1298 2296 locis.

268 2321 387 2382 Sese
402 2324 547 2383 haud
565 2321 857 2384 abfimilern
870 2322 1056 2383 credat
1069 2320 1152 2383 isti
1168 2322 1393 2385 Rustico

184 2410 452 2472 Divinam
476 2408 729 2493 quisquis
743 2410 929 2491 culpat
942 2409 1367 2492 providentiam.

873 2588 1013 2645 XV.

313 2764 544 2822 Luvus
577 2777 778 2820 unsa
810 2776 1297 2820 POEMTENTIA
1330 2774 1620 2821 Ductus.

336 2854 387 2906 O
400 2853 450 2908 R
462 2852 512 2907 E
523 2854 558 2908 S
586 2843 856 2920 scelestos,
875 2866 940 2906 ac
954 2845 1126 2907 vitam
1142 2844 1428 2924 nefariam,

369 2932 668 2998 Inffinetus
690 2932 824 2994 olim
841 2930 979 2993 tristi
994 2933 1357 3013 poenitentia,

177 3019 514 3084 Abominari
533 3018 673 3082 serio
689 3022 900 3103 incepit
916 3024 1127 3098 Lupus.

1737 223 1815 294 '¹³‘
