<?xml version="1.0" encoding="UTF-8"?>
<!DOCTYPE html PUBLIC "-//W3C//DTD XHTML 1.0 Transitional//EN"
    "http://www.w3.org/TR/xhtml1/DTD/xhtml1-transitional.dtd">
<html xmlns="http://www.w3.org/1999/xhtml" xml:lang="en" lang="en">
 <head>
  <title>
</title>
<meta http-equiv="Content-Type" content="text/html;charset=utf-8" />
  <meta name='ocr-system' content='tesseract 3.04.00' />
  <meta name='ocr-capabilities' content='ocr_page ocr_carea ocr_par ocr_line ocrx_word'/>
</head>
<body>
  <div class='ocr_page' id='page_1' title='image "./fabularumaesopi00desbgoog_0042.png"; bbox 0 0 2226 3644; ppageno 0'>
   <div class='ocr_carea' id='block_1_1' title="bbox 439 210 1883 281">
    <p class='ocr_par' dir='ltr' id='par_1_1' title="bbox 439 210 1883 281">
     <span class='ocr_line' id='line_1_1' title="bbox 439 210 1883 281; baseline 0.012 -19"><span class='ocrx_word' id='word_1_1' title='bbox 439 214 555 263; x_wconf 64' lang='grc' dir='ltr'>’τό</span> <span class='ocrx_word' id='word_1_2' title='bbox 728 210 1261 265; x_wconf 76' lang='lat' dir='ltr'>FABULARUM</span> <span class='ocrx_word' id='word_1_3' title='bbox 1299 210 1883 281; x_wconf 77' lang='lat' dir='ltr'>AESOPIARUM.</span> 
     </span>
    </p>
   </div>
   <div class='ocr_carea' id='block_1_2' title="bbox 1176 399 1400 460">
    <p class='ocr_par' dir='ltr' id='par_1_2' title="bbox 1176 399 1400 460">
     <span class='ocr_line' id='line_1_2' title="bbox 1176 399 1400 460; baseline 0.009 -2"><span class='ocrx_word' id='word_1_4' title='bbox 1176 399 1291 458; x_wconf 86' lang='lat' dir='ltr'>XV</span> <span class='ocrx_word' id='word_1_5' title='bbox 1292 402 1400 460; x_wconf 85' lang='lat'>111.</span> 
     </span>
    </p>
   </div>
   <div class='ocr_carea' id='block_1_3' title="bbox 438 572 1868 1699">
    <p class='ocr_par' dir='ltr' id='par_1_3' title="bbox 932 572 1613 636">
     <span class='ocr_line' id='line_1_3' title="bbox 932 572 1613 636; baseline 0.015 -9"><span class='ocrx_word' id='word_1_6' title='bbox 932 572 1058 628; x_wconf 72' lang='lat' dir='ltr'>Am</span> <span class='ocrx_word' id='word_1_7' title='bbox 1076 586 1151 628; x_wconf 67' lang='lat' dir='ltr'>ss</span> <span class='ocrx_word' id='word_1_8' title='bbox 1183 588 1273 630; x_wconf 72' lang='lat' dir='ltr'>ET</span> <span class='ocrx_word' id='word_1_9' title='bbox 1299 575 1613 636; x_wconf 67' lang='lat' dir='ltr'>Taunus.</span> 
     </span>
    </p>

    <p class='ocr_par' dir='ltr' id='par_1_4' title="bbox 643 654 1736 739">
     <span class='ocr_line' id='line_1_4' title="bbox 643 654 1736 739; baseline 0.008 -24"><span class='ocrx_word' id='word_1_10' title='bbox 643 654 786 716; x_wconf 85' lang='lat' dir='ltr'>Rieti</span> <span class='ocrx_word' id='word_1_11' title='bbox 800 669 916 715; x_wconf 84' lang='lat' dir='ltr'>tam</span> <span class='ocrx_word' id='word_1_12' title='bbox 936 658 1085 716; x_wconf 88' lang='lat' dir='ltr'>bona</span> <span class='ocrx_word' id='word_1_13' title='bbox 1100 654 1421 732; x_wconf 83' lang='lat' dir='ltr'>adjumenta</span> <span class='ocrx_word' id='word_1_14' title='bbox 1439 681 1736 739; x_wconf 82' lang='lat' dir='ltr'>cornuum,-</span> 
     </span>
    </p>

    <p class='ocr_par' dir='ltr' id='par_1_5' title="bbox 471 741 1868 1084">
     <span class='ocr_line' id='line_1_5' title="bbox 625 741 1868 824; baseline 0.01 -21"><span class='ocrx_word' id='word_1_15' title='bbox 625 773 632 780; x_wconf 85' lang='lat'><em>-</em></span> <span class='ocrx_word' id='word_1_16' title='bbox 684 741 996 824; x_wconf 81' lang='lat' dir='ltr'>Capitisque</span> <span class='ocrx_word' id='word_1_17' title='bbox 1018 758 1225 804; x_wconf 88' lang='lat' dir='ltr'>tantam</span> <span class='ocrx_word' id='word_1_18' title='bbox 1238 743 1549 808; x_wconf 80' lang='lat' dir='ltr'>firmitatem</span> <span class='ocrx_word' id='word_1_19' title='bbox 1569 750 1868 816; x_wconf 84' lang='lat' dir='ltr'>indulserat</span> 
     </span>
     <span class='ocr_line' id='line_1_6' title="bbox 476 830 1671 916; baseline 0.009 -29"><span class='ocrx_word' id='word_1_20' title='bbox 476 833 712 906; x_wconf 83' lang='lat' dir='ltr'>Natura,</span> <span class='ocrx_word' id='word_1_21' title='bbox 740 845 803 890; x_wconf 88' lang='lat' dir='ltr'>ut</span> <span class='ocrx_word' id='word_1_22' title='bbox 823 851 1014 891; x_wconf 85' lang='lat' dir='ltr'>omnes</span> <span class='ocrx_word' id='word_1_23' title='bbox 1035 830 1310 909; x_wconf 86' lang='lat' dir='ltr'>lanigeros</span> <span class='ocrx_word' id='word_1_24' title='bbox 1324 834 1467 898; x_wconf 81' lang='lat' dir='ltr'>inter</span> <span class='ocrx_word' id='word_1_25' title='bbox 1477 855 1671 916; x_wconf 81' lang='lat' dir='ltr'>greges</span> 
     </span>
     <span class='ocr_line' id='line_1_7' title="bbox 471 918 1456 994; baseline 0.006 -19"><span class='ocrx_word' id='word_1_26' title='bbox 471 918 744 993; x_wconf 82' lang='lat' dir='ltr'>Regnaret</span> <span class='ocrx_word' id='word_1_27' title='bbox 768 939 911 979; x_wconf 87' lang='lat' dir='ltr'>unus</span> <span class='ocrx_word' id='word_1_28' title='bbox 926 918 1052 994; x_wconf 84' lang='lat' dir='ltr'>late,</span> <span class='ocrx_word' id='word_1_29' title='bbox 1074 941 1176 980; x_wconf 87' lang='lat' dir='ltr'>nec</span> <span class='ocrx_word' id='word_1_30' title='bbox 1204 924 1344 980; x_wconf 85' lang='lat' dir='ltr'>aries</span> <span class='ocrx_word' id='word_1_31' title='bbox 1360 918 1456 981; x_wconf 87' lang='lat' dir='ltr'>fibi</span> 
     </span>
     <span class='ocr_line' id='line_1_8' title="bbox 472 1003 1551 1084; baseline 0.008 -21"><span class='ocrx_word' id='word_1_32' title='bbox 472 1003 738 1066; x_wconf 80' lang='lat' dir='ltr'>Obfistere</span> <span class='ocrx_word' id='word_1_33' title='bbox 753 1005 897 1065; x_wconf 82' lang='lat' dir='ltr'>ullus</span> <span class='ocrx_word' id='word_1_34' title='bbox 918 1007 1017 1084; x_wconf 87' lang='lat' dir='ltr'>qui</span> <span class='ocrx_word' id='word_1_35' title='bbox 1039 1006 1372 1084; x_wconf 80' lang='lat' dir='ltr'>valeretjam</span> <span class='ocrx_word' id='word_1_36' title='bbox 1385 1008 1551 1072; x_wconf 84' lang='lat' dir='ltr'>foret.</span> 
     </span>
    </p>

    <p class='ocr_par' dir='ltr' id='par_1_6' title="bbox 469 1091 1330 1171">
     <span class='ocr_line' id='line_1_9' title="bbox 469 1091 1330 1171; baseline 0.003 -21"><span class='ocrx_word' id='word_1_37' title='bbox 469 1091 663 1153; x_wconf 77' lang='lat' dir='ltr'>Elatus</span> <span class='ocrx_word' id='word_1_38' title='bbox 683 1112 817 1171; x_wconf 88' lang='lat' dir='ltr'>ergo</span> <span class='ocrx_word' id='word_1_39' title='bbox 833 1107 920 1153; x_wconf 92' lang='lat' dir='ltr'>tot</span> <span class='ocrx_word' id='word_1_40' title='bbox 935 1091 967 1150; x_wconf 85' lang='grc' dir='ltr'>Γ</span> <span class='ocrx_word' id='word_1_41' title='bbox 959 1095 1041 1152; x_wconf 85' lang='lat' dir='ltr'>uis</span> <span class='ocrx_word' id='word_1_42' title='bbox 1057 1095 1330 1169; x_wconf 67' lang='lat' dir='ltr'>victoriis,</span> 
     </span>
    </p>

    <p class='ocr_par' dir='ltr' id='par_1_7' title="bbox 466 1178 1816 1438">
     <span class='ocr_line' id='line_1_10' title="bbox 467 1178 1816 1267; baseline 0.011 -31"><span class='ocrx_word' id='word_1_43' title='bbox 467 1182 721 1240; x_wconf 86' lang='lat' dir='ltr'>Taurum</span> <span class='ocrx_word' id='word_1_44' title='bbox 739 1182 899 1239; x_wconf 86' lang='lat' dir='ltr'>etiam</span> <span class='ocrx_word' id='word_1_45' title='bbox 925 1178 1113 1241; x_wconf 83' lang='lat' dir='ltr'>stultus</span> <span class='ocrx_word' id='word_1_46' title='bbox 1134 1180 1203 1242; x_wconf 87' lang='lat' dir='ltr'>ad</span> <span class='ocrx_word' id='word_1_47' title='bbox 1228 1197 1497 1246; x_wconf 82' lang='lat' dir='ltr'>certamen</span> <span class='ocrx_word' id='word_1_48' title='bbox 1513 1203 1816 1267; x_wconf 80' lang='lat' dir='ltr'>provocat;</span> 
     </span>
     <span class='ocr_line' id='line_1_11' title="bbox 466 1268 1599 1351; baseline 0.007 -25"><span class='ocrx_word' id='word_1_49' title='bbox 466 1268 745 1347; x_wconf 85' lang='lat' dir='ltr'>Simulque</span> <span class='ocrx_word' id='word_1_50' title='bbox 758 1269 943 1327; x_wconf 83' lang='lat' dir='ltr'>arietat</span> <span class='ocrx_word' id='word_1_51' title='bbox 956 1290 974 1341; x_wconf 71' lang='grc' dir='ltr'><strong>ς</strong></span> <span class='ocrx_word' id='word_1_52' title='bbox 1007 1284 1064 1328; x_wconf 90' lang='lat' dir='ltr'>et</span> <span class='ocrx_word' id='word_1_53' title='bbox 1086 1269 1419 1351; x_wconf 69' lang='lat' dir='ltr'>reperculsus</span> <span class='ocrx_word' id='word_1_54' title='bbox 1444 1270 1599 1334; x_wconf 86' lang='lat' dir='ltr'>fimul</span> 
     </span>
     <span class='ocr_line' id='line_1_12' title="bbox 467 1353 1709 1438; baseline 0.01 -25"><span class='ocrx_word' id='word_1_55' title='bbox 467 1357 724 1414; x_wconf 71' lang='lat' dir='ltr'>Tam-ina</span> <span class='ocrx_word' id='word_1_56' title='bbox 734 1353 944 1432; x_wconf 85' lang='lat' dir='ltr'>fronte,</span> <span class='ocrx_word' id='word_1_57' title='bbox 969 1376 1221 1437; x_wconf 86' lang='lat' dir='ltr'>campum</span> <span class='ocrx_word' id='word_1_58' title='bbox 1239 1360 1669 1438; x_wconf 84' lang='lat' dir='ltr'>metiturjacens</span> <span class='ocrx_word' id='word_1_59' title='bbox 1689 1386 1709 1426; x_wconf 72' lang='grc' dir='ltr'><strong>ε</strong></span> 
     </span>
    </p>

    <p class='ocr_par' dir='ltr' id='par_1_8' title="bbox 438 1440 1811 1699">
     <span class='ocr_line' id='line_1_13' title="bbox 438 1440 1770 1531; baseline 0.01 -31"><span class='ocrx_word' id='word_1_60' title='bbox 438 1471 447 1483; x_wconf 88' lang='grc'><em>·</em></span> <span class='ocrx_word' id='word_1_61' title='bbox 466 1445 637 1502; x_wconf 85' lang='lat' dir='ltr'>Tunc</span> <span class='ocrx_word' id='word_1_62' title='bbox 656 1440 822 1503; x_wconf 87' lang='lat' dir='ltr'>ferme</span> <span class='ocrx_word' id='word_1_63' title='bbox 840 1444 1142 1520; x_wconf 68' lang='lat' dir='ltr'>exanimis,</span> <span class='ocrx_word' id='word_1_64' title='bbox 1157 1443 1437 1526; x_wconf 80' lang='lat' dir='ltr'>pristinam</span> <span class='ocrx_word' id='word_1_65' title='bbox 1465 1446 1770 1531; x_wconf 84' lang='lat' dir='ltr'>superbiam</span> 
     </span>
     <span class='ocr_line' id='line_1_14' title="bbox 464 1529 1811 1611; baseline 0.007 -21"><span class='ocrx_word' id='word_1_66' title='bbox 464 1532 768 1591; x_wconf 82' lang='lat' dir='ltr'>Damnavit</span> <span class='ocrx_word' id='word_1_67' title='bbox 782 1529 912 1611; x_wconf 85' lang='lat' dir='ltr'>ipse,</span> <span class='ocrx_word' id='word_1_68' title='bbox 938 1529 1119 1607; x_wconf 86' lang='lat' dir='ltr'>miser,</span> <span class='ocrx_word' id='word_1_69' title='bbox 1139 1549 1196 1592; x_wconf 91' lang='lat' dir='ltr'>et</span> <span class='ocrx_word' id='word_1_70' title='bbox 1218 1535 1364 1597; x_wconf 83' lang='lat' dir='ltr'>hanc</span> <span class='ocrx_word' id='word_1_71' title='bbox 1383 1556 1582 1597; x_wconf 85' lang='lat' dir='ltr'>vocem</span> <span class='ocrx_word' id='word_1_72' title='bbox 1602 1538 1811 1600; x_wconf 74' lang='lat' dir='ltr'>ediditt</span> 
     </span>
     <span class='ocr_line' id='line_1_15' title="bbox 465 1617 1806 1699; baseline 0.008 -23"><span class='ocrx_word' id='word_1_73' title='bbox 465 1619 653 1696; x_wconf 87' lang='lat' dir='ltr'>Nunc,</span> <span class='ocrx_word' id='word_1_74' title='bbox 674 1619 771 1699; x_wconf 88' lang='lat' dir='ltr'>qui</span> <span class='ocrx_word' id='word_1_75' title='bbox 786 1618 904 1697; x_wconf 84' lang='lat' dir='ltr'>fim,</span> <span class='ocrx_word' id='word_1_76' title='bbox 919 1617 1064 1698; x_wconf 77' lang='lat' dir='ltr'>justa</span> <span class='ocrx_word' id='word_1_77' title='bbox 1083 1619 1365 1682; x_wconf 79' lang='lat' dir='ltr'>calamitas</span> <span class='ocrx_word' id='word_1_78' title='bbox 1381 1622 1600 1686; x_wconf 82' lang='lat' dir='ltr'>tandem</span> <span class='ocrx_word' id='word_1_79' title='bbox 1619 1623 1806 1688; x_wconf 88' lang='lat' dir='ltr'>docet.</span> 
     </span>
    </p>
   </div>
   <div class='ocr_carea' id='block_1_4' title="bbox 1173 1802 1338 1860">
    <p class='ocr_par' dir='ltr' id='par_1_9' title="bbox 1173 1802 1338 1860">
     <span class='ocr_line' id='line_1_16' title="bbox 1173 1802 1338 1860; baseline -0.012 0"><span class='ocrx_word' id='word_1_80' title='bbox 1173 1802 1338 1860; x_wconf 88' lang='lat' dir='ltr'>XIX.</span> 
     </span>
    </p>
   </div>
   <div class='ocr_carea' id='block_1_5' title="bbox 458 1974 1889 2320">
    <p class='ocr_par' dir='ltr' id='par_1_10' title="bbox 458 1974 1889 2320">
     <span class='ocr_line' id='line_1_17' title="bbox 825 1974 1690 2043; baseline 0.009 -14"><span class='ocrx_word' id='word_1_81' title='bbox 825 1974 1098 2031; x_wconf 59' lang='lat' dir='ltr'>cancta</span> <span class='ocrx_word' id='word_1_82' title='bbox 1124 1992 1206 2032; x_wconf 69' lang='grc' dir='ltr'>ετ</span> <span class='ocrx_word' id='word_1_83' title='bbox 1240 1992 1399 2043; x_wconf 70' lang='lat' dir='ltr'>Esus</span> <span class='ocrx_word' id='word_1_84' title='bbox 1425 1978 1690 2039; x_wconf 69' lang='lat' dir='ltr'>Funus,</span> 
     </span>
     <span class='ocr_line' id='line_1_18' title="bbox 458 2047 1675 2167; baseline 0.009 -53"><span class='ocrx_word' id='word_1_85' title='bbox 458 2047 644 2167; x_wconf 87' lang='lat' dir='ltr'>UT</span> <span class='ocrx_word' id='word_1_86' title='bbox 663 2055 883 2136; x_wconf 78' lang='lat' dir='ltr'>prorsus</span> <span class='ocrx_word' id='word_1_87' title='bbox 901 2061 940 2135; x_wconf 93' lang='lat'><em>†</em></span> <span class='ocrx_word' id='word_1_88' title='bbox 961 2061 1089 2134; x_wconf 84' lang='lat' dir='ltr'>iret,</span> <span class='ocrx_word' id='word_1_89' title='bbox 1112 2058 1288 2123; x_wconf 84' lang='lat' dir='ltr'>filium</span> <span class='ocrx_word' id='word_1_90' title='bbox 1305 2063 1675 2140; x_wconf 83' lang='lat' dir='ltr'>retrogradum</span> 
     </span>
     <span class='ocr_line' id='line_1_19' title="bbox 625 2148 1889 2232; baseline 0.009 -29"><span class='ocrx_word' id='word_1_91' title='bbox 625 2149 835 2204; x_wconf 77' lang='lat' dir='ltr'>Cancer</span> <span class='ocrx_word' id='word_1_92' title='bbox 853 2149 1147 2219; x_wconf 87' lang='lat' dir='ltr'>monebat;</span> <span class='ocrx_word' id='word_1_93' title='bbox 1175 2163 1233 2207; x_wconf 89' lang='lat' dir='ltr'>at</span> <span class='ocrx_word' id='word_1_94' title='bbox 1247 2148 1391 2208; x_wconf 84' lang='lat' dir='ltr'>filius</span> <span class='ocrx_word' id='word_1_95' title='bbox 1408 2171 1424 2208; x_wconf 72' lang='grc' dir='ltr'><em>ε</em></span> <span class='ocrx_word' id='word_1_96' title='bbox 1449 2152 1468 2209; x_wconf 88' lang='lat' dir='ltr'>i</span> <span class='ocrx_word' id='word_1_97' title='bbox 1483 2170 1645 2229; x_wconf 74' lang='lat' dir='ltr'>ptae3</span> <span class='ocrx_word' id='word_1_98' title='bbox 1676 2148 1889 2232; x_wconf 79' lang='lat' dir='ltr'>sequar.</span> 
     </span>
     <span class='ocr_line' id='line_1_20' title="bbox 543 2233 1856 2320; baseline 0.009 -31"><span class='ocrx_word' id='word_1_99' title='bbox 543 2233 813 2313; x_wconf 85' lang='lat' dir='ltr'>Cuiquam</span> <span class='ocrx_word' id='word_1_100' title='bbox 829 2254 900 2293; x_wconf 85' lang='lat' dir='ltr'>ne</span> <span class='ocrx_word' id='word_1_101' title='bbox 914 2234 1162 2313; x_wconf 80' lang='lat' dir='ltr'>objicias,</span> <span class='ocrx_word' id='word_1_102' title='bbox 1187 2236 1338 2315; x_wconf 85' lang='lat' dir='ltr'>quod</span> <span class='ocrx_word' id='word_1_103' title='bbox 1355 2236 1455 2297; x_wconf 89' lang='lat' dir='ltr'>tibi</span> <span class='ocrx_word' id='word_1_104' title='bbox 1471 2238 1641 2319; x_wconf 87' lang='lat' dir='ltr'>objici</span> <span class='ocrx_word' id='word_1_105' title='bbox 1659 2238 1856 2320; x_wconf 86' lang='lat' dir='ltr'>potest.</span> 
     </span>
    </p>
   </div>
   <div class='ocr_carea' id='block_1_6' title="bbox 1156 2417 1293 2472">
    <p class='ocr_par' dir='ltr' id='par_1_11' title="bbox 1156 2417 1293 2472">
     <span class='ocr_line' id='line_1_21' title="bbox 1156 2417 1293 2472; baseline 0.022 -3"><span class='ocrx_word' id='word_1_106' title='bbox 1156 2417 1293 2472; x_wconf 85' lang='lat' dir='ltr'>XX.</span> 
     </span>
    </p>
   </div>
   <div class='ocr_carea' id='block_1_7' title="bbox 446 2588 1864 2927">
    <p class='ocr_par' dir='ltr' id='par_1_12' title="bbox 446 2588 1864 2927">
     <span class='ocr_line' id='line_1_22' title="bbox 758 2588 1721 2650; baseline 0.008 -8"><span class='ocrx_word' id='word_1_107' title='bbox 758 2588 1146 2646; x_wconf 68' lang='lat' dir='ltr'>Aenxcomuz</span> <span class='ocrx_word' id='word_1_108' title='bbox 1174 2605 1254 2647; x_wconf 74' lang='lat' dir='ltr'>ar</span> <span class='ocrx_word' id='word_1_109' title='bbox 1284 2589 1392 2647; x_wconf 74' lang='lat' dir='ltr'>Mn</span> <span class='ocrx_word' id='word_1_110' title='bbox 1405 2605 1721 2650; x_wconf 66' lang='lat' dir='ltr'>uenatus.</span> 
     </span>
     <span class='ocr_line' id='line_1_23' title="bbox 448 2659 1472 2778; baseline 0.013 -56"><span class='ocrx_word' id='word_1_111' title='bbox 448 2659 564 2778; x_wconf 86' lang='lat' dir='ltr'>IN</span> <span class='ocrx_word' id='word_1_112' title='bbox 588 2664 696 2746; x_wconf 86' lang='lat' dir='ltr'>ipsa</span> <span class='ocrx_word' id='word_1_113' title='bbox 711 2670 827 2750; x_wconf 84' lang='lat' dir='ltr'>ripa</span> <span class='ocrx_word' id='word_1_114' title='bbox 845 2665 941 2732; x_wconf 87' lang='lat' dir='ltr'>fon</span> <span class='ocrx_word' id='word_1_115' title='bbox 949 2674 1019 2733; x_wconf 84' lang='lat' dir='ltr'>tis</span> <span class='ocrx_word' id='word_1_116' title='bbox 1042 2674 1323 2735; x_wconf 86' lang='lat' dir='ltr'>Mercurio</span> <span class='ocrx_word' id='word_1_117' title='bbox 1340 2672 1472 2736; x_wconf 86' lang='lat' dir='ltr'>sacti</span> 
     </span>
     <span class='ocr_line' id='line_1_24' title="bbox 572 2755 1864 2842; baseline 0.009 -31"><span class='ocrx_word' id='word_1_118' title='bbox 572 2755 828 2832; x_wconf 82' lang='lat' dir='ltr'>Agricola</span> <span class='ocrx_word' id='word_1_119' title='bbox 851 2759 1134 2837; x_wconf 85' lang='lat' dir='ltr'>quondam</span> <span class='ocrx_word' id='word_1_120' title='bbox 1154 2782 1280 2822; x_wconf 88' lang='lat' dir='ltr'>cum</span> <span class='ocrx_word' id='word_1_121' title='bbox 1301 2763 1525 2825; x_wconf 79' lang='lat' dir='ltr'>arbores</span> <span class='ocrx_word' id='word_1_122' title='bbox 1541 2759 1864 2842; x_wconf 82' lang='lat' dir='ltr'>succideret,</span> 
     </span>
     <span class='ocr_line' id='line_1_25' title="bbox 446 2842 1497 2927; baseline 0.014 -29"><span class='ocrx_word' id='word_1_123' title='bbox 446 2843 653 2900; x_wconf 83' lang='lat' dir='ltr'>securis</span> <span class='ocrx_word' id='word_1_124' title='bbox 670 2842 788 2906; x_wconf 87' lang='lat' dir='ltr'>casu</span> <span class='ocrx_word' id='word_1_125' title='bbox 803 2843 972 2927; x_wconf 83' lang='lat' dir='ltr'>elapsa</span> <span class='ocrx_word' id='word_1_126' title='bbox 990 2849 1051 2908; x_wconf 84' lang='lat' dir='ltr'>in</span> <span class='ocrx_word' id='word_1_127' title='bbox 1066 2847 1244 2910; x_wconf 81' lang='lat' dir='ltr'>undas</span> <span class='ocrx_word' id='word_1_128' title='bbox 1262 2848 1497 2913; x_wconf 80' lang='lat' dir='ltr'>decidit:</span> 
     </span>
    </p>
   </div>
   <div class='ocr_carea' id='block_1_8' title="bbox 445 2972 1994 3115">
    <p class='ocr_par' dir='ltr' id='par_1_13' title="bbox 445 2972 1994 3115">
     <span class='ocr_line' id='line_1_26' title="bbox 709 2972 1762 3042; baseline 0.007 -20"><span class='ocrx_word' id='word_1_129' title='bbox 709 2972 740 3030; x_wconf 84' lang='lat'>†</span> <span class='ocrx_word' id='word_1_130' title='bbox 772 2972 917 3024; x_wconf 72' lang='lat' dir='ltr'>Plane.</span> <span class='ocrx_word' id='word_1_131' title='bbox 936 2974 1126 3042; x_wconf 77' lang='lat' dir='ltr'>Pfiudol.</span> <span class='ocrx_word' id='word_1_132' title='bbox 1150 2974 1259 3025; x_wconf 64' lang='lat' dir='ltr'>Aa.</span> <span class='ocrx_word' id='word_1_133' title='bbox 1284 2977 1356 3026; x_wconf 78' lang='lat' dir='ltr'>iv,</span> <span class='ocrx_word' id='word_1_134' title='bbox 1376 2976 1442 3027; x_wconf 89' lang='lat' dir='ltr'>sc.</span> <span class='ocrx_word' id='word_1_135' title='bbox 1464 2994 1508 3031; x_wconf 81' lang='grc' dir='ltr'>ι.</span> <span class='ocrx_word' id='word_1_136' title='bbox 1526 2993 1652 3030; x_wconf 75' lang='lat' dir='ltr'>vers.</span> <span class='ocrx_word' id='word_1_137' title='bbox 1668 2978 1762 3029; x_wconf 84' lang='lat' dir='ltr'>ult.</span> 
     </span>
     <span class='ocr_line' id='line_1_27' title="bbox 445 3034 1994 3115; baseline 0.012 -32"><span class='ocrx_word' id='word_1_138' title='bbox 445 3035 562 3083; x_wconf 80' lang='lat' dir='ltr'>Non</span> <span class='ocrx_word' id='word_1_139' title='bbox 579 3034 786 3103; x_wconf 75' lang='lat' dir='ltr'>prorsus,</span> <span class='ocrx_word' id='word_1_140' title='bbox 802 3054 972 3092; x_wconf 78' lang='lat' dir='ltr'>vetum</span> <span class='ocrx_word' id='word_1_141' title='bbox 988 3055 1052 3092; x_wconf 86' lang='lat' dir='ltr'>ex</span> <span class='ocrx_word' id='word_1_142' title='bbox 1069 3043 1342 3096; x_wconf 80' lang='lat' dir='ltr'>transverso</span> <span class='ocrx_word' id='word_1_143' title='bbox 1356 3044 1499 3113; x_wconf 82' lang='lat' dir='ltr'>cedit,</span> <span class='ocrx_word' id='word_1_144' title='bbox 1513 3046 1646 3115; x_wconf 68' lang='lat' dir='ltr'>quati</span> <span class='ocrx_word' id='word_1_145' title='bbox 1659 3050 1840 3100; x_wconf 70' lang='lat' dir='ltr'>cancer</span> <span class='ocrx_word' id='word_1_146' title='bbox 1858 3048 1994 3102; x_wconf 79' lang='lat' dir='ltr'>solet.</span> 
     </span>
    </p>
   </div>
  </div>
 </body>
</html>
