<?xml version="1.0" encoding="UTF-8"?>
<!DOCTYPE html PUBLIC "-//W3C//DTD XHTML 1.0 Transitional//EN"
    "http://www.w3.org/TR/xhtml1/DTD/xhtml1-transitional.dtd">
<html xmlns="http://www.w3.org/1999/xhtml" xml:lang="en" lang="en">
 <head>
  <title>
</title>
<meta http-equiv="Content-Type" content="text/html;charset=utf-8" />
  <meta name='ocr-system' content='tesseract 3.04.00' />
  <meta name='ocr-capabilities' content='ocr_page ocr_carea ocr_par ocr_line ocrx_word'/>
</head>
<body>
  <div class='ocr_page' id='page_1' title='image "./fabularumaesopi00desbgoog_0125.png"; bbox 0 0 2226 3644; ppageno 0'>
   <div class='ocr_carea' id='block_1_1' title="bbox 538 219 1399 284">
    <p class='ocr_par' dir='ltr' id='par_1_1' title="bbox 538 219 1399 284">
     <span class='ocr_line' id='line_1_1' title="bbox 538 219 1399 284; baseline -0.003 -10"><span class='ocrx_word' id='word_1_1' title='bbox 538 221 840 274; x_wconf 80' lang='lat' dir='ltr'>LIBER</span> <span class='ocrx_word' id='word_1_2' title='bbox 922 219 1399 284; x_wconf 57' lang='lat' dir='ltr'>quurus</span> 
     </span>
    </p>
   </div>
   <div class='ocr_carea' id='block_1_2' title="bbox 160 305 1565 1015">
    <p class='ocr_par' dir='ltr' id='par_1_2' title="bbox 160 305 1565 1015">
     <span class='ocr_line' id='line_1_2' title="bbox 160 305 1382 395; baseline -0.009 -13"><span class='ocrx_word' id='word_1_3' title='bbox 160 321 345 384; x_wconf 84' lang='lat' dir='ltr'>Etiam</span> <span class='ocrx_word' id='word_1_4' title='bbox 361 318 623 379; x_wconf 85' lang='lat' dir='ltr'>invitavit</span> <span class='ocrx_word' id='word_1_5' title='bbox 638 310 900 395; x_wconf 79' lang='lat' dir='ltr'>quosdam</span> <span class='ocrx_word' id='word_1_6' title='bbox 921 307 1215 371; x_wconf 74' lang='lat' dir='ltr'>familiares</span> <span class='ocrx_word' id='word_1_7' title='bbox 1235 305 1382 385; x_wconf 75' lang='lat' dir='ltr'>suos,</span> 
     </span>
     <span class='ocr_line' id='line_1_3' title="bbox 165 398 1503 487; baseline -0.006 -18"><span class='ocrx_word' id='word_1_8' title='bbox 165 417 439 487; x_wconf 88' lang='lat' dir='ltr'>Introque</span> <span class='ocrx_word' id='word_1_9' title='bbox 457 406 616 465; x_wconf 84' lang='lat' dir='ltr'>duxit</span> <span class='ocrx_word' id='word_1_10' title='bbox 632 427 648 464; x_wconf 75' lang='grc' dir='ltr'><strong><em>ε</em></strong></span> <span class='ocrx_word' id='word_1_11' title='bbox 673 422 835 482; x_wconf 85' lang='lat' dir='ltr'>poma</span> <span class='ocrx_word' id='word_1_12' title='bbox 850 398 1005 459; x_wconf 87' lang='lat' dir='ltr'>fimul</span> <span class='ocrx_word' id='word_1_13' title='bbox 1020 419 1270 479; x_wconf 77' lang='lat' dir='ltr'>quaeque</span> <span class='ocrx_word' id='word_1_14' title='bbox 1292 401 1503 479; x_wconf 78' lang='lat' dir='ltr'>optima</span> 
     </span>
     <span class='ocr_line' id='line_1_4' title="bbox 166 485 1565 572; baseline -0.007 -16"><span class='ocrx_word' id='word_1_15' title='bbox 166 496 473 556; x_wconf 87' lang='lat' dir='ltr'>Comedere</span> <span class='ocrx_word' id='word_1_16' title='bbox 490 493 786 572; x_wconf 88' lang='lat' dir='ltr'>incipiunt.</span> <span class='ocrx_word' id='word_1_17' title='bbox 827 493 1049 549; x_wconf 62' lang='lat' dir='ltr'>Fadium</span> <span class='ocrx_word' id='word_1_18' title='bbox 1074 485 1290 546; x_wconf 82' lang='lat' dir='ltr'>rescivit</span> <span class='ocrx_word' id='word_1_19' title='bbox 1313 502 1490 565; x_wconf 74' lang='lat' dir='ltr'>pater,</span> <span class='ocrx_word' id='word_1_20' title='bbox 1562 529 1565 533; x_wconf 78' lang='lat'><strong>·</strong></span> 
     </span>
     <span class='ocr_line' id='line_1_5' title="bbox 168 576 1437 662; baseline -0.009 -17"><span class='ocrx_word' id='word_1_21' title='bbox 168 593 374 645; x_wconf 87' lang='lat' dir='ltr'>Succen</span> <span class='ocrx_word' id='word_1_22' title='bbox 384 584 596 662; x_wconf 75' lang='lat' dir='ltr'>fuitque</span> <span class='ocrx_word' id='word_1_23' title='bbox 611 580 753 638; x_wconf 88' lang='lat' dir='ltr'>Filio</span> <span class='ocrx_word' id='word_1_24' title='bbox 774 576 1037 636; x_wconf 84' lang='lat' dir='ltr'>damnum</span> <span class='ocrx_word' id='word_1_25' title='bbox 1052 576 1400 654; x_wconf 71' lang='lat' dir='ltr'>exprobrans</span> <span class='ocrx_word' id='word_1_26' title='bbox 1419 598 1437 634; x_wconf 68' lang='grc' dir='ltr'><em>ε</em></span> 
     </span>
     <span class='ocr_line' id='line_1_6' title="bbox 173 661 1387 749; baseline -0.007 -19"><span class='ocrx_word' id='word_1_27' title='bbox 173 676 285 749; x_wconf 82' lang='lat' dir='ltr'>Qui</span> <span class='ocrx_word' id='word_1_28' title='bbox 303 692 420 731; x_wconf 88' lang='lat' dir='ltr'>rem</span> <span class='ocrx_word' id='word_1_29' title='bbox 439 666 710 730; x_wconf 83' lang='lat' dir='ltr'>confeffus</span> <span class='ocrx_word' id='word_1_30' title='bbox 729 665 902 739; x_wconf 80' lang='lat' dir='ltr'>ultre,</span> <span class='ocrx_word' id='word_1_31' title='bbox 926 663 1059 743; x_wconf 89' lang='lat' dir='ltr'>quid</span> <span class='ocrx_word' id='word_1_32' title='bbox 1078 661 1266 721; x_wconf 85' lang='lat' dir='ltr'>damni</span> <span class='ocrx_word' id='word_1_33' title='bbox 1288 661 1387 721; x_wconf 89' lang='lat' dir='ltr'>tibi</span> 
     </span>
     <span class='ocr_line' id='line_1_7' title="bbox 169 748 1406 833; baseline -0.01 -12"><span class='ocrx_word' id='word_1_34' title='bbox 169 759 492 833; x_wconf 83' lang='lat' dir='ltr'>Intulimus,</span> <span class='ocrx_word' id='word_1_35' title='bbox 521 756 705 833; x_wconf 89' lang='lat' dir='ltr'>inquit</span> <span class='ocrx_word' id='word_1_36' title='bbox 727 753 748 812; x_wconf 75' lang='grc' dir='ltr'><strong><em>ἓ</em></strong></span> <span class='ocrx_word' id='word_1_37' title='bbox 772 771 936 832; x_wconf 80' lang='lat' dir='ltr'>poma</span> <span class='ocrx_word' id='word_1_38' title='bbox 953 766 1163 809; x_wconf 83' lang='lat' dir='ltr'>tantum</span> <span class='ocrx_word' id='word_1_39' title='bbox 1185 748 1406 828; x_wconf 72' lang='lat' dir='ltr'>putrida</span> 
     </span>
     <span class='ocr_line' id='line_1_8' title="bbox 172 835 1449 918; baseline -0.008 -9"><span class='ocrx_word' id='word_1_40' title='bbox 172 854 274 909; x_wconf 92' lang='lat' dir='ltr'>Tu</span> <span class='ocrx_word' id='word_1_41' title='bbox 294 847 575 916; x_wconf 56' lang='lat' dir='ltr'>comedin</span> <span class='ocrx_word' id='word_1_42' title='bbox 601 845 811 918; x_wconf 83' lang='lat' dir='ltr'>integra</span> <span class='ocrx_word' id='word_1_43' title='bbox 831 838 940 899; x_wconf 84' lang='lat' dir='ltr'>sola</span> <span class='ocrx_word' id='word_1_44' title='bbox 962 859 1064 898; x_wconf 77' lang='lat' dir='ltr'>nos</span> <span class='ocrx_word' id='word_1_45' title='bbox 1085 835 1449 899; x_wconf 74' lang='lat' dir='ltr'>comedimus.</span> 
     </span>
     <span class='ocr_line' id='line_1_9' title="bbox 266 922 1496 1015; baseline -0.01 -19"><span class='ocrx_word' id='word_1_46' title='bbox 266 933 364 996; x_wconf 89' lang='lat' dir='ltr'>Nil</span> <span class='ocrx_word' id='word_1_47' title='bbox 377 933 579 1015; x_wconf 83' lang='lat' dir='ltr'>perdit,</span> <span class='ocrx_word' id='word_1_48' title='bbox 602 928 657 989; x_wconf 91' lang='lat' dir='ltr'>id</span> <span class='ocrx_word' id='word_1_49' title='bbox 673 930 771 1009; x_wconf 88' lang='lat' dir='ltr'>qui</span> <span class='ocrx_word' id='word_1_50' title='bbox 791 928 1015 1001; x_wconf 86' lang='lat' dir='ltr'>amittit,</span> <span class='ocrx_word' id='word_1_51' title='bbox 1041 944 1158 1006; x_wconf 91' lang='lat' dir='ltr'>quo</span> <span class='ocrx_word' id='word_1_52' title='bbox 1176 925 1256 983; x_wconf 91' lang='lat' dir='ltr'>uti</span> <span class='ocrx_word' id='word_1_53' title='bbox 1274 922 1496 985; x_wconf 78' lang='lat' dir='ltr'>nesciat.</span> 
     </span>
    </p>
   </div>
   <div class='ocr_carea' id='block_1_3' title="bbox 874 1105 1068 1162">
    <p class='ocr_par' dir='ltr' id='par_1_3' title="bbox 874 1105 1068 1162">
     <span class='ocr_line' id='line_1_10' title="bbox 874 1105 1068 1162; baseline -0.015 0"><span class='ocrx_word' id='word_1_54' title='bbox 874 1105 1068 1162; x_wconf 83' lang='lat' dir='ltr'>XXV.</span> 
     </span>
    </p>
   </div>
   <div class='ocr_carea' id='block_1_4' title="bbox 294 1282 1528 1445">
    <p class='ocr_par' dir='ltr' id='par_1_4' title="bbox 294 1282 1528 1445">
     <span class='ocr_line' id='line_1_11' title="bbox 835 1282 1133 1336; baseline -0.013 0"><span class='ocrx_word' id='word_1_55' title='bbox 835 1282 1133 1336; x_wconf 68' lang='lat' dir='ltr'>Intcsss.</span> 
     </span>
     <span class='ocr_line' id='line_1_12' title="bbox 294 1357 1528 1445; baseline -0.011 -13"><span class='ocrx_word' id='word_1_56' title='bbox 294 1376 382 1443; x_wconf 86' lang='lat' dir='ltr'>Ec</span> <span class='ocrx_word' id='word_1_57' title='bbox 393 1388 477 1429; x_wconf 77' lang='grc' dir='ltr'>τΑ</span> <span class='ocrx_word' id='word_1_58' title='bbox 489 1387 524 1427; x_wconf 81' lang='grc' dir='ltr'>ε</span> <span class='ocrx_word' id='word_1_59' title='bbox 536 1409 555 1442; x_wconf 88' lang='grc'><em>,</em></span> <span class='ocrx_word' id='word_1_60' title='bbox 582 1380 638 1425; x_wconf 92' lang='lat' dir='ltr'>et</span> <span class='ocrx_word' id='word_1_61' title='bbox 652 1382 910 1445; x_wconf 79' lang='lat' dir='ltr'>procerae</span> <span class='ocrx_word' id='word_1_62' title='bbox 926 1358 1357 1422; x_wconf 78' lang='lat' dir='ltr'>contemnebant</span> <span class='ocrx_word' id='word_1_63' title='bbox 1370 1357 1528 1418; x_wconf 73' lang='lat' dir='ltr'>uices</span> 
     </span>
    </p>
   </div>
   <div class='ocr_carea' id='block_1_5' title="bbox 200 1444 1805 1534">
    <p class='ocr_par' dir='ltr' id='par_1_5' title="bbox 200 1444 1805 1534">
     <span class='ocr_line' id='line_1_13' title="bbox 200 1444 1805 1534; baseline -0.007 -17"><span class='ocrx_word' id='word_1_64' title='bbox 200 1498 207 1503; x_wconf 94' lang='lat'><em>-</em></span> <span class='ocrx_word' id='word_1_65' title='bbox 337 1463 515 1517; x_wconf 89' lang='lat' dir='ltr'>Unam</span> <span class='ocrx_word' id='word_1_66' title='bbox 533 1458 677 1514; x_wconf 87' lang='lat' dir='ltr'>inter</span> <span class='ocrx_word' id='word_1_67' title='bbox 691 1451 852 1534; x_wconf 78' lang='lat' dir='ltr'>ipsas,</span> <span class='ocrx_word' id='word_1_68' title='bbox 872 1466 1010 1529; x_wconf 77' lang='lat' dir='ltr'>quae</span> <span class='ocrx_word' id='word_1_69' title='bbox 1027 1463 1194 1521; x_wconf 77' lang='lat' dir='ltr'>torta,</span> <span class='ocrx_word' id='word_1_70' title='bbox 1217 1460 1274 1505; x_wconf 89' lang='lat' dir='ltr'>et</span> <span class='ocrx_word' id='word_1_71' title='bbox 1287 1447 1506 1506; x_wconf 71' lang='lat' dir='ltr'>humilis</span> <span class='ocrx_word' id='word_1_72' title='bbox 1521 1444 1695 1507; x_wconf 71' lang='lat' dir='ltr'>fot-etz</span> <span class='ocrx_word' id='word_1_73' title='bbox 1801 1464 1805 1475; x_wconf 85' lang='lat'><strong>·</strong></span> 
     </span>
    </p>
   </div>
   <div class='ocr_carea' id='block_1_6' title="bbox 178 1532 1471 1797">
    <p class='ocr_par' dir='ltr' id='par_1_6' title="bbox 178 1532 1471 1797">
     <span class='ocr_line' id='line_1_14' title="bbox 178 1532 1387 1626; baseline -0.012 -20"><span class='ocrx_word' id='word_1_74' title='bbox 178 1547 479 1626; x_wconf 86' lang='lat' dir='ltr'>Lignarius</span> <span class='ocrx_word' id='word_1_75' title='bbox 501 1557 683 1603; x_wconf 85' lang='lat' dir='ltr'>autem</span> <span class='ocrx_word' id='word_1_76' title='bbox 702 1560 827 1600; x_wconf 90' lang='lat' dir='ltr'>cum</span> <span class='ocrx_word' id='word_1_77' title='bbox 841 1534 1071 1598; x_wconf 83' lang='lat' dir='ltr'>veniss&#39;et</span> <span class='ocrx_word' id='word_1_78' title='bbox 1087 1537 1195 1594; x_wconf 88' lang='lat' dir='ltr'>huc</span> <span class='ocrx_word' id='word_1_79' title='bbox 1218 1532 1387 1602; x_wconf 79' lang='lat' dir='ltr'>faber,</span> 
     </span>
     <span class='ocr_line' id='line_1_15' title="bbox 181 1622 1471 1701; baseline -0.01 -7"><span class='ocrx_word' id='word_1_80' title='bbox 181 1635 506 1694; x_wconf 85' lang='lat' dir='ltr'>Caeduntur</span> <span class='ocrx_word' id='word_1_81' title='bbox 522 1650 713 1690; x_wconf 71' lang='lat' dir='ltr'>omnes</span> <span class='ocrx_word' id='word_1_82' title='bbox 731 1627 874 1695; x_wconf 85' lang='lat' dir='ltr'>illae,</span> <span class='ocrx_word' id='word_1_83' title='bbox 895 1640 949 1682; x_wconf 87' lang='lat' dir='ltr'>at</span> <span class='ocrx_word' id='word_1_84' title='bbox 967 1625 1101 1684; x_wconf 83' lang='lat' dir='ltr'>haec</span> <span class='ocrx_word' id='word_1_85' title='bbox 1121 1622 1471 1701; x_wconf 79' lang='lat' dir='ltr'>relinquitur.</span> 
     </span>
     <span class='ocr_line' id='line_1_16' title="bbox 270 1707 1326 1797; baseline -0.013 -14"><span class='ocrx_word' id='word_1_86' title='bbox 270 1722 494 1784; x_wconf 87' lang='lat' dir='ltr'>Minimi</span> <span class='ocrx_word' id='word_1_87' title='bbox 519 1716 674 1780; x_wconf 83' lang='lat' dir='ltr'>fuiffe</span> <span class='ocrx_word' id='word_1_88' title='bbox 686 1716 867 1797; x_wconf 89' lang='lat' dir='ltr'>pretii,</span> <span class='ocrx_word' id='word_1_89' title='bbox 891 1711 1080 1771; x_wconf 74' lang='lat' dir='ltr'>multis</span> <span class='ocrx_word' id='word_1_90' title='bbox 1096 1707 1326 1791; x_wconf 83' lang='lat' dir='ltr'>profuit.</span> 
     </span>
    </p>
   </div>
   <div class='ocr_carea' id='block_1_7' title="bbox 869 1893 1088 1948">
    <p class='ocr_par' dir='ltr' id='par_1_7' title="bbox 869 1893 1088 1948">
     <span class='ocr_line' id='line_1_17' title="bbox 869 1893 1088 1948; baseline -0.005 0"><span class='ocrx_word' id='word_1_91' title='bbox 869 1893 1088 1948; x_wconf 88' lang='lat' dir='ltr'>XXVI.</span> 
     </span>
    </p>
   </div>
   <div class='ocr_carea' id='block_1_8' title="bbox 91 2063 1490 3026">
    <p class='ocr_par' dir='ltr' id='par_1_8' title="bbox 632 2063 1341 2124">
     <span class='ocr_line' id='line_1_18' title="bbox 632 2063 1341 2124; baseline -0.008 0"><span class='ocrx_word' id='word_1_92' title='bbox 632 2071 843 2124; x_wconf 61' lang='lat' dir='ltr'>Vnum</span> <span class='ocrx_word' id='word_1_93' title='bbox 862 2083 886 2122; x_wconf 90' lang='lat' dir='ltr'>s</span> <span class='ocrx_word' id='word_1_94' title='bbox 915 2080 1052 2120; x_wconf 72' lang='lat' dir='ltr'>suu:</span> <span class='ocrx_word' id='word_1_95' title='bbox 1078 2063 1341 2118; x_wconf 71' lang='lat' dir='ltr'>CAunA.</span> 
     </span>
    </p>

    <p class='ocr_par' dir='ltr' id='par_1_9' title="bbox 186 2144 1439 2275">
     <span class='ocr_line' id='line_1_19' title="bbox 186 2144 1439 2275; baseline -0.014 -54"><span class='ocrx_word' id='word_1_96' title='bbox 186 2155 470 2275; x_wconf 81' lang='lat' dir='ltr'>ELapsa</span> <span class='ocrx_word' id='word_1_97' title='bbox 482 2154 680 2234; x_wconf 90' lang='lat' dir='ltr'>laqueo</span> <span class='ocrx_word' id='word_1_98' title='bbox 704 2150 903 2230; x_wconf 84' lang='lat' dir='ltr'>Vulpis</span> <span class='ocrx_word' id='word_1_99' title='bbox 922 2146 1148 2207; x_wconf 80' lang='lat' dir='ltr'>caudam</span> <span class='ocrx_word' id='word_1_100' title='bbox 1171 2144 1439 2219; x_wconf 70' lang='lat' dir='ltr'>amiserat,</span> 
     </span>
    </p>

    <p class='ocr_par' dir='ltr' id='par_1_10' title="bbox 91 2230 1490 3026">
     <span class='ocr_line' id='line_1_20' title="bbox 337 2230 1381 2324; baseline -0.013 -18"><span class='ocrx_word' id='word_1_101' title='bbox 337 2245 551 2324; x_wconf 90' lang='lat' dir='ltr'>Illoque</span> <span class='ocrx_word' id='word_1_102' title='bbox 568 2242 745 2321; x_wconf 85' lang='lat' dir='ltr'>pretio</span> <span class='ocrx_word' id='word_1_103' title='bbox 769 2241 938 2297; x_wconf 85' lang='lat' dir='ltr'>vitam</span> <span class='ocrx_word' id='word_1_104' title='bbox 955 2234 1049 2295; x_wconf 85' lang='lat' dir='ltr'>fibi</span> <span class='ocrx_word' id='word_1_105' title='bbox 1067 2230 1381 2293; x_wconf 86' lang='lat' dir='ltr'>redemerat.</span> 
     </span>
     <span class='ocr_line' id='line_1_21' title="bbox 184 2320 1292 2411; baseline -0.016 -16"><span class='ocrx_word' id='word_1_106' title='bbox 184 2333 289 2395; x_wconf 91' lang='lat' dir='ltr'>Sed</span> <span class='ocrx_word' id='word_1_107' title='bbox 307 2337 455 2393; x_wconf 86' lang='lat' dir='ltr'>enim</span> <span class='ocrx_word' id='word_1_108' title='bbox 474 2330 682 2411; x_wconf 86' lang='lat' dir='ltr'>pudore</span> <span class='ocrx_word' id='word_1_109' title='bbox 699 2329 909 2386; x_wconf 75' lang='lat' dir='ltr'>mixtus</span> <span class='ocrx_word' id='word_1_110' title='bbox 927 2322 1112 2399; x_wconf 78' lang='lat' dir='ltr'>affligit</span> <span class='ocrx_word' id='word_1_111' title='bbox 1130 2320 1292 2379; x_wconf 88' lang='lat' dir='ltr'>dolor</span> 
     </span>
     <span class='ocr_line' id='line_1_22' title="bbox 191 2409 1293 2499; baseline -0.017 -16"><span class='ocrx_word' id='word_1_112' title='bbox 191 2422 487 2492; x_wconf 85' lang='lat' dir='ltr'>Misellam‚</span> <span class='ocrx_word' id='word_1_113' title='bbox 512 2414 665 2499; x_wconf 90' lang='lat' dir='ltr'>quod</span> <span class='ocrx_word' id='word_1_114' title='bbox 683 2414 733 2473; x_wconf 92' lang='lat' dir='ltr'>se</span> <span class='ocrx_word' id='word_1_115' title='bbox 749 2411 938 2472; x_wconf 87' lang='lat' dir='ltr'>deinde</span> <span class='ocrx_word' id='word_1_116' title='bbox 956 2409 1024 2470; x_wconf 73' lang='lat' dir='ltr'>stc</span> <span class='ocrx_word' id='word_1_117' title='bbox 1039 2422 1293 2489; x_wconf 84' lang='lat' dir='ltr'>oporteat</span> 
     </span>
     <span class='ocr_line' id='line_1_23' title="bbox 190 2492 1442 2575; baseline -0.015 -5"><span class='ocrx_word' id='word_1_118' title='bbox 190 2517 418 2570; x_wconf 85' lang='lat' dir='ltr'>Curtam</span> <span class='ocrx_word' id='word_1_119' title='bbox 436 2504 727 2567; x_wconf 76' lang='lat' dir='ltr'>ambulare.</span> <span class='ocrx_word' id='word_1_120' title='bbox 774 2502 958 2559; x_wconf 76' lang='lat' dir='ltr'>Socias</span> <span class='ocrx_word' id='word_1_121' title='bbox 972 2517 1126 2575; x_wconf 86' lang='lat' dir='ltr'>ergo,</span> <span class='ocrx_word' id='word_1_122' title='bbox 1146 2516 1270 2554; x_wconf 90' lang='lat' dir='ltr'>curn</span> <span class='ocrx_word' id='word_1_123' title='bbox 1287 2492 1442 2553; x_wconf 84' lang='lat' dir='ltr'>ssmul</span> 
     </span>
     <span class='ocr_line' id='line_1_24' title="bbox 189 2580 1490 2672; baseline -0.017 -13"><span class='ocrx_word' id='word_1_124' title='bbox 189 2606 362 2658; x_wconf 88' lang='lat' dir='ltr'>Tunc</span> <span class='ocrx_word' id='word_1_125' title='bbox 385 2608 767 2672; x_wconf 72' lang='lat' dir='ltr'>congregatae,</span> <span class='ocrx_word' id='word_1_126' title='bbox 789 2588 930 2648; x_wconf 66' lang='lat' dir='ltr'>fatto</span> <span class='ocrx_word' id='word_1_127' title='bbox 954 2599 1262 2652; x_wconf 86' lang='lat' dir='ltr'>conventu,</span> <span class='ocrx_word' id='word_1_128' title='bbox 1284 2580 1490 2654; x_wconf 87' lang='lat' dir='ltr'>forent,</span> 
     </span>
     <span class='ocr_line' id='line_1_25' title="bbox 190 2672 1373 2760; baseline -0.019 -12"><span class='ocrx_word' id='word_1_129' title='bbox 190 2686 328 2747; x_wconf 87' lang='lat' dir='ltr'>Adit</span> <span class='ocrx_word' id='word_1_130' title='bbox 350 2710 369 2755; x_wconf 71' lang='grc' dir='ltr'><strong>ς</strong></span> <span class='ocrx_word' id='word_1_131' title='bbox 389 2678 666 2760; x_wconf 80' lang='lat' dir='ltr'>sedetque,</span> <span class='ocrx_word' id='word_1_132' title='bbox 689 2674 906 2755; x_wconf 80' lang='lat' dir='ltr'>suasque</span> <span class='ocrx_word' id='word_1_133' title='bbox 923 2672 1205 2754; x_wconf 87' lang='lat' dir='ltr'>perprimit</span> <span class='ocrx_word' id='word_1_134' title='bbox 1223 2686 1373 2728; x_wconf 80' lang='lat' dir='ltr'>nates</span> 
     </span>
     <span class='ocr_line' id='line_1_26' title="bbox 190 2754 1395 2846; baseline -0.017 -13"><span class='ocrx_word' id='word_1_135' title='bbox 190 2772 465 2844; x_wconf 81' lang='lat' dir='ltr'>Prudens,</span> <span class='ocrx_word' id='word_1_136' title='bbox 494 2770 734 2846; x_wconf 83' lang='lat' dir='ltr'>tegitque</span> <span class='ocrx_word' id='word_1_137' title='bbox 757 2762 966 2823; x_wconf 79' lang='lat' dir='ltr'>causam</span> <span class='ocrx_word' id='word_1_138' title='bbox 987 2761 1252 2819; x_wconf 77' lang='lat' dir='ltr'>moeroris</span> <span class='ocrx_word' id='word_1_139' title='bbox 1277 2754 1352 2814; x_wconf 92' lang='lat' dir='ltr'>sui</span> <span class='ocrx_word' id='word_1_140' title='bbox 1375 2777 1395 2828; x_wconf 89' lang='lat'>;</span> 
     </span>
     <span class='ocr_line' id='line_1_27' title="bbox 91 2843 1351 2937; baseline -0.017 -14"><span class='ocrx_word' id='word_1_141' title='bbox 91 2857 96 2862; x_wconf 64' lang='grc'><strong>’</strong></span> <span class='ocrx_word' id='word_1_142' title='bbox 192 2860 488 2937; x_wconf 84' lang='lat' dir='ltr'>Istamque,</span> <span class='ocrx_word' id='word_1_143' title='bbox 511 2856 675 2929; x_wconf 83' lang='lat' dir='ltr'>dixit,</span> <span class='ocrx_word' id='word_1_144' title='bbox 704 2851 906 2912; x_wconf 83' lang='lat' dir='ltr'>caudae</span> <span class='ocrx_word' id='word_1_145' title='bbox 927 2843 1351 2923; x_wconf 84' lang='lat' dir='ltr'>longitudinem,</span> 
     </span>
     <span class='ocr_line' id='line_1_28' title="bbox 195 2929 1386 3026; baseline -0.018 -19"><span class='ocrx_word' id='word_1_146' title='bbox 195 2951 400 3007; x_wconf 89' lang='lat' dir='ltr'>Generi</span> <span class='ocrx_word' id='word_1_147' title='bbox 418 2965 579 3026; x_wconf 87' lang='lat' dir='ltr'>quam</span> <span class='ocrx_word' id='word_1_148' title='bbox 598 2939 784 3001; x_wconf 85' lang='lat' dir='ltr'>nostro</span> <span class='ocrx_word' id='word_1_149' title='bbox 797 2952 992 2999; x_wconf 84' lang='lat' dir='ltr'>natura</span> <span class='ocrx_word' id='word_1_150' title='bbox 1006 2933 1205 2993; x_wconf 89' lang='lat' dir='ltr'>indidit</span> <span class='ocrx_word' id='word_1_151' title='bbox 1221 2929 1386 2990; x_wconf 80' lang='lat' dir='ltr'>nimis</span> 
     </span>
    </p>
   </div>
   <div class='ocr_carea' id='block_1_9' title="bbox 195 3015 1428 3170">
    <p class='ocr_par' dir='ltr' id='par_1_11' title="bbox 195 3015 1428 3170">
     <span class='ocr_line' id='line_1_29' title="bbox 195 3015 1428 3114; baseline -0.016 -20"><span class='ocrx_word' id='word_1_152' title='bbox 195 3037 464 3114; x_wconf 71' lang='lat' dir='ltr'>Benigne,</span> <span class='ocrx_word' id='word_1_153' title='bbox 492 3052 612 3108; x_wconf 81' lang='lat' dir='ltr'>tur,</span> <span class='ocrx_word' id='word_1_154' title='bbox 635 3026 868 3096; x_wconf 75' lang='lat' dir='ltr'>sorores,</span> <span class='ocrx_word' id='word_1_155' title='bbox 889 3043 1001 3083; x_wconf 89' lang='lat' dir='ltr'>non</span> <span class='ocrx_word' id='word_1_156' title='bbox 1027 3015 1428 3081; x_wconf 71' lang='lat' dir='ltr'>abscindimus?</span> 
     </span>
     <span class='ocr_line' id='line_1_30' title="bbox 932 3115 1067 3170; baseline 0.03 -4"><span class='ocrx_word' id='word_1_157' title='bbox 932 3115 982 3166; x_wconf 92' lang='lat' dir='ltr'>G</span> <span class='ocrx_word' id='word_1_158' title='bbox 1035 3128 1067 3170; x_wconf 91' lang='lat'>2</span> 
     </span>
    </p>
   </div>
   <div class='ocr_carea' id='block_1_10' title="bbox 1718 243 1789 288">
    <p class='ocr_par' dir='ltr' id='par_1_12' title="bbox 1718 243 1789 288">
     <span class='ocr_line' id='line_1_31' title="bbox 1718 243 1789 288; baseline -0.014 0"><span class='ocrx_word' id='word_1_159' title='bbox 1718 243 1789 288; x_wconf 82' lang='lat'>99</span> 
     </span>
    </p>
   </div>
  </div>
 </body>
</html>
