2226 3644
481 242 555 299 78
709 228 1244 282 FABULARUM
1281 226 1843 284 AESOPIARUM

472 316 874 398 Praefignaviss'e
891 316 1073 378 sceleri
1096 315 1366 396 patrando
1380 318 1525 377 viam
1542 317 1564 375 ?

472 408 614 491 Ipse,
643 408 910 468 erudierat
926 407 1021 485 qui
1045 406 1350 484 praeceptio
1370 419 1479 464 tam
1498 405 1687 482 bonis,

472 499 601 559 Fuit
617 493 724 576 ipse
748 493 943 554 duflor
961 490 1173 552 sceleris
1190 492 1443 570 patrandi
1460 508 1632 571 pater.

563 590 724 644 Hanc
747 580 1073 662 paedagogis
1086 578 1335 659 expolivi
1351 579 1611 653 fabulam,

476 673 589 751 Qui
602 669 780 732 saneta
794 669 997 744 verbis,
1018 686 1191 749 prava
1213 665 1302 727 sed
1317 668 1583 749 exemplis
1599 666 1827 731 docent.

1162 846 1359 927 xvn.

898 1021 1140 1078 Eunu
1171 1034 1252 1074 ιτ
1280 1022 1647 1077 onicom.

652 1108 818 1166 UMI
844 1100 1080 1185 serpebat
1101 1102 1302 1179 Edere,
1327 1101 1595 1182 itibusque
1616 1104 1845 1169 lubricit

478 1119 643 1269 H
700 1200 901 1272 Repete
923 1206 1215 1265 contenta,
1243 1210 1359 1250 non
1385 1190 1616 1250 audebat
1638 1192 1804 1254 altiua

475 1282 692 1359 Etigere
717 1278 842 1352 sese,
872 1292 928 1338 et
948 1279 1256 1357 proximam
1276 1276 1369 1337 fibi
1384 1279 1631 1339 arborem

479 1367 776 1448 Ample&i‚
799 1382 856 1426 et
872 1365 1078 1425 excelsa
1091 1365 1413 1427 adminicula
1439 1364 1692 1447 prosequi
1703 1389 1727 1442 ς

478 1454 578 1515 Sed
597 1451 846 1533 usurpare
866 1455 1189 1533 properabat
1209 1468 1390 1513 totum
1415 1452 1469 1511 id
1492 1444 1612 1529 soli,

478 1541 644 1621 Qod
663 1556 903 1621 poterat,
928 1542 1107 1599 avaris
1130 1542 1263 1599 hinc
1286 1555 1341 1599 et
1357 1542 1488 1600 hinc
1505 1539 1804 1624 illapfibus,

477 1637 565 1690 Ita
582 1645 642 1687 ut
655 1629 842 1689 feracis
863 1627 1071 1687 hortuli
1096 1642 1300 1707 partem
1325 1628 1529 1688 bonam

477 1718 626 1776 Male
644 1730 950 1797 occuparet.
996 1715 1160 1793 Qod
1181 1713 1640 1791 animadvertens,
1667 1714 1850 1779 statim

477 1805 725 1865 Evellere
747 1802 944 1866 malam
960 1800 1191 1882 stirpitus
1206 1801 1411 1880 frugem
1438 1802 1635 1886 incipit

478 1891 738 1970 Agricola
753 1890 1010 1972 prudens.
1057 1890 1156 1949 lna
1174 1906 1312 1964 tum,
1339 1891 1569 1964 nostras,
1593 1893 1695 1966 ait,

480 1984 776 2039 Temerare
793 1978 1041 2052 frondes,
1067 1979 1331 2037 barbarus
1348 1980 1470 2057 quis
1497 1992 1551 2036 te
1565 1978 1722 2037 furor

480 2065 758 2145 Impellit?
789 2067 1036 2133 contine,
1064 2085 1188 2133 oro,
1218 2065 1491 2124 violentas
1511 2086 1740 2139 manum

480 2159 644 2213 Parce
666 2155 1036 2213 immerentem
1055 2153 1265 2212 abolere
1282 2153 1448 2212 natali
1472 2149 1615 2227 solo,

481 2240 588 2299 Ubi
607 2239 930 2318 pullulantes
944 2240 1167 2301 humilis
1194 2237 1430 2299 insterno
1444 2260 1653 2314 comas,

480 2327 843 2406 lngiorioque
859 2325 1081 2406 fimplex
1104 2329 1228 2386 otio
1253 2327 1428 2401 fruor,

482 2420 603 2474 Nec
619 2434 797 2474 noceo
812 2412 1130 2495 quidquam.
1176 2421 1253 2471 At
1276 2415 1397 2473 ille:
1432 2412 1518 2473 sed
1547 2411 1750 2494 prodes
1772 2414 1953 2492 nihil;

482 2506 726 2576 Meoque
746 2505 804 2560 in
826 2506 991 2561 horto
1006 2500 1154 2582 quod
1179 2502 1313 2560 nihil
1336 2500 1569 2580 prodest,
1595 2517 1761 2563 nocet
1775 2525 1795 2564 a

481 2594 666 2666 Atque
679 2591 811 2648 haec
826 2587 1061 2658 locutus,
1084 2586 1246 2647 instat
1258 2587 1572 2668 diligentius

447 2696 452 2707 ·
481 2679 811 2754 Perpurgare
824 2696 1044 2736 omnem
1063 2673 1310 2756 stirpibus
1333 2675 1488 2735 malis
1505 2675 1722 2739 locutus

415 2751 421 2767 ⁴
569 2763 659 2824 Ad
680 2761 886 2826 otiosos
910 2764 1057 2825 cives
1070 2761 1252 2824 fabula
1273 2765 1524 2845 pertinet.
