2226 3644
702 528 1821 627 FABULAR'UM

471 797 2048 985 AESOPIARUM

675 1066 1089 1192 1⁴1ssssss
1181 1112 1849 1190 QUINTUS.

937 1391 1584 1442 PROLOGUS.

635 1562 683 1615 O
695 1562 727 1614 S
757 1574 938 1614 annos
955 1569 1080 1614 ante
1092 1552 1430 1636 septuaginta
1448 1553 1604 1616 libris

687 1643 843 1721 Stylo
864 1645 1065 1701 Latino
1091 1645 1194 1701 rite
1210 1641 1522 1721 compositis
1540 1641 1665 1704 suus

456 1734 660 1787 Honos
674 1747 787 1787 erat
803 1729 1002 1802 adhue,
1027 1728 1229 1809 suaque
1250 1729 1369 1789 laus
1387 1730 1443 1787 in
1466 1730 1669 1793 Gallia.

460 1821 627 1878 Nunc
645 1816 752 1876 tale
767 1818 866 1878 vix
888 1815 961 1876 est
978 1819 1073 1896 qui
1093 1815 1202 1877 suis
1219 1837 1361 1897 opus
1381 1815 1516 1877 velit

462 1904 733 1980 subjicere
756 1904 950 1984 praelis
967 1909 1376 1986 typographum
1407 1904 1493 1964 vel
1515 1903 1555 1964 fi
1574 1903 1789 1982 audeat,

462 1996 726 2067 Magnum
745 1992 815 2051 est
832 1990 1155 2070 periculum,
1184 2007 1399 2072 emptor
1423 2012 1495 2051 ne
1523 1990 1646 2052 suus
1669 1994 1835 2065 libro.

462 2078 705 2158 Suusque
725 2080 893 2138 lector
909 2077 1059 2138 defit.
1099 2085 1293 2138 Tanto
1316 2081 1620 2140 obnoxiam

461 2168 811 2225 Latinitatem
830 2165 961 2224 fecit
987 2164 1292 2247 despecatui

464 2251 696 2312 indocta
715 2273 930 2312 morum
955 2253 1097 2312 fac‘ta
1123 2254 1514 2312 commutatio!

463 2341 630 2398 Enim
648 2341 893 2419 profecto
918 2345 1053 2402 hanc
1075 2342 1338 2418 imperitis
1357 2342 1602 2399 moribus

464 2428 684 2504 Objicio
708 2426 960 2507 culpam;
985 2427 1140 2506 quod
1166 2430 1344 2487 virum
1365 2427 1606 2498 Gallum,
1630 2429 1823 2506 ingeni

467 2516 570 2580 Cui
590 2515 692 2582 vis,
723 2531 774 2573 et
793 2530 917 2593 apta
934 2514 1216 2574 differendi
1240 2517 1400 2596 copia

467 2600 729 2659 Concessa
744 2601 927 2674 fuerit,
949 2622 1098 2661 nunc
1122 2603 1367 2682 plerique
1383 2603 1481 2660 vix
1498 2614 1693 2681 putent

466 2690 762 2747 Hominem
779 2688 881 2754 ess'e
897 2685 1107 2765 sanum,
1133 2688 1172 2748 fi
1192 2693 1384 2749 Latine
1399 2686 1660 2766 scripserit
1672 2709 1692 2761 ;

464 2774 663 2832 Saltem
694 2776 932 2846 inficeto,
963 2797 1245 2855 pravoque
1262 2778 1379 2854 ejus
1396 2775 1642 2834 indolem

467 2860 641 2928 Fuiffe
658 2862 831 2922 studio
849 2885 1004 2923 cortu
1012 2881 1157 2943 ptam
1175 2864 1497 2941 dijudicent.

468 2955 685 3007 Tamen
714 2953 971 3011 Latinum
989 2969 1262 3030 quemque
1279 2949 1592 3029 scriptorem
1609 2947 1883 3031 optimum

470 3035 758 3120 vetustum
776 3036 973 3110 affidua
985 3043 1125 3114 recte
1143 3035 1341 3099 versari
1363 3056 1531 3097 manu
